%YAML 1.1
%TAG !u! tag:unity3d.com,2011:
--- !u!1001 &100100000
Prefab:
  m_ObjectHideFlags: 1
  serializedVersion: 2
  m_Modification:
    m_TransformParent: {fileID: 0}
    m_Modifications: []
    m_RemovedComponents: []
  m_SourcePrefab: {fileID: 0}
  m_RootGameObject: {fileID: 1142728843875712}
  m_IsPrefabAsset: 1
--- !u!1 &1008759212838178
GameObject:
  m_ObjectHideFlags: 0
  m_CorrespondingSourceObject: {fileID: 0}
  m_PrefabInternal: {fileID: 100100000}
  serializedVersion: 6
  m_Component:
  - component: {fileID: 4015165998496284}
  - component: {fileID: 114801469397493224}
  m_Layer: 0
  m_Name: LedsManager
  m_TagString: Untagged
  m_Icon: {fileID: 0}
  m_NavMeshLayer: 0
  m_StaticEditorFlags: 0
  m_IsActive: 1
--- !u!1 &1119035593861634
GameObject:
  m_ObjectHideFlags: 0
  m_CorrespondingSourceObject: {fileID: 0}
  m_PrefabInternal: {fileID: 100100000}
  serializedVersion: 6
  m_Component:
  - component: {fileID: 4088338392815850}
  - component: {fileID: 114318122547359852}
  m_Layer: 0
  m_Name: PlayArcadePlayingTrack
  m_TagString: Untagged
  m_Icon: {fileID: 0}
  m_NavMeshLayer: 0
  m_StaticEditorFlags: 0
  m_IsActive: 0
--- !u!1 &1142728843875712
GameObject:
  m_ObjectHideFlags: 0
  m_CorrespondingSourceObject: {fileID: 0}
  m_PrefabInternal: {fileID: 100100000}
  serializedVersion: 6
  m_Component:
  - component: {fileID: 4826867451979762}
  - component: {fileID: 320738506740732248}
  m_Layer: 0
  m_Name: Playing Game - Timeline
  m_TagString: Untagged
  m_Icon: {fileID: 0}
  m_NavMeshLayer: 0
  m_StaticEditorFlags: 0
  m_IsActive: 0
--- !u!1 &1429378154788626
GameObject:
  m_ObjectHideFlags: 0
  m_CorrespondingSourceObject: {fileID: 0}
  m_PrefabInternal: {fileID: 100100000}
  serializedVersion: 6
  m_Component:
  - component: {fileID: 4057997401694266}
  - component: {fileID: 114102667845630360}
  m_Layer: 0
  m_Name: ControlArcadeAnimations
  m_TagString: Untagged
  m_Icon: {fileID: 0}
  m_NavMeshLayer: 0
  m_StaticEditorFlags: 0
  m_IsActive: 0
--- !u!1 &1465259392517836
GameObject:
  m_ObjectHideFlags: 0
  m_CorrespondingSourceObject: {fileID: 0}
  m_PrefabInternal: {fileID: 100100000}
  serializedVersion: 6
  m_Component:
  - component: {fileID: 4841414168094286}
  - component: {fileID: 20167530778004824}
  - component: {fileID: 81214713570455574}
  m_Layer: 0
  m_Name: Playing Camera
  m_TagString: MainCamera
  m_Icon: {fileID: 0}
  m_NavMeshLayer: 0
  m_StaticEditorFlags: 0
  m_IsActive: 1
--- !u!1 &1626689626387294
GameObject:
  m_ObjectHideFlags: 0
  m_CorrespondingSourceObject: {fileID: 0}
  m_PrefabInternal: {fileID: 100100000}
  serializedVersion: 6
  m_Component:
  - component: {fileID: 4217769066296940}
  - component: {fileID: 114881770428660920}
  m_Layer: 0
  m_Name: StartGame
  m_TagString: Untagged
  m_Icon: {fileID: 0}
  m_NavMeshLayer: 0
  m_StaticEditorFlags: 0
  m_IsActive: 0
--- !u!4 &4015165998496284
Transform:
  m_ObjectHideFlags: 1
  m_CorrespondingSourceObject: {fileID: 0}
  m_PrefabInternal: {fileID: 100100000}
  m_GameObject: {fileID: 1008759212838178}
  m_LocalRotation: {x: 0, y: 0, z: 0, w: 1}
  m_LocalPosition: {x: 0, y: 0, z: 0}
  m_LocalScale: {x: 1, y: 1, z: 1}
  m_Children: []
  m_Father: {fileID: 4826867451979762}
  m_RootOrder: 0
  m_LocalEulerAnglesHint: {x: 0, y: 0, z: 0}
--- !u!4 &4057997401694266
Transform:
  m_ObjectHideFlags: 1
  m_CorrespondingSourceObject: {fileID: 0}
  m_PrefabInternal: {fileID: 100100000}
  m_GameObject: {fileID: 1429378154788626}
  m_LocalRotation: {x: 0, y: 0, z: 0, w: 1}
  m_LocalPosition: {x: 0, y: 0, z: 0}
  m_LocalScale: {x: 1, y: 1, z: 1}
  m_Children: []
  m_Father: {fileID: 4826867451979762}
  m_RootOrder: 2
  m_LocalEulerAnglesHint: {x: 0, y: 0, z: 0}
--- !u!4 &4088338392815850
Transform:
  m_ObjectHideFlags: 1
  m_CorrespondingSourceObject: {fileID: 0}
  m_PrefabInternal: {fileID: 100100000}
  m_GameObject: {fileID: 1119035593861634}
  m_LocalRotation: {x: 0, y: 0, z: 0, w: 1}
  m_LocalPosition: {x: 0, y: 0, z: 0}
  m_LocalScale: {x: 1, y: 1, z: 1}
  m_Children: []
  m_Father: {fileID: 4826867451979762}
  m_RootOrder: 1
  m_LocalEulerAnglesHint: {x: 0, y: 0, z: 0}
--- !u!4 &4217769066296940
Transform:
  m_ObjectHideFlags: 1
  m_CorrespondingSourceObject: {fileID: 0}
  m_PrefabInternal: {fileID: 100100000}
  m_GameObject: {fileID: 1626689626387294}
  m_LocalRotation: {x: 0, y: 0, z: 0, w: 1}
  m_LocalPosition: {x: 0, y: 0, z: 0}
  m_LocalScale: {x: 1, y: 1, z: 1}
  m_Children: []
  m_Father: {fileID: 4826867451979762}
  m_RootOrder: 3
  m_LocalEulerAnglesHint: {x: 0, y: 0, z: 0}
--- !u!4 &4826867451979762
Transform:
  m_ObjectHideFlags: 1
  m_CorrespondingSourceObject: {fileID: 0}
  m_PrefabInternal: {fileID: 100100000}
  m_GameObject: {fileID: 1142728843875712}
  m_LocalRotation: {x: -0, y: -0, z: -0, w: 1}
  m_LocalPosition: {x: -319.31857, y: -134.79607, z: -80.45187}
  m_LocalScale: {x: 1, y: 1, z: 1}
  m_Children:
  - {fileID: 4015165998496284}
  - {fileID: 4088338392815850}
  - {fileID: 4057997401694266}
  - {fileID: 4217769066296940}
  - {fileID: 4841414168094286}
  m_Father: {fileID: 0}
  m_RootOrder: 0
  m_LocalEulerAnglesHint: {x: 0, y: 0, z: 0}
--- !u!4 &4841414168094286
Transform:
  m_ObjectHideFlags: 1
  m_CorrespondingSourceObject: {fileID: 0}
  m_PrefabInternal: {fileID: 100100000}
  m_GameObject: {fileID: 1465259392517836}
  m_LocalRotation: {x: -0.030840944, y: 0.70631343, z: -0.030851457, w: -0.706554}
  m_LocalPosition: {x: 13.96, y: 5.91, z: 11.63}
  m_LocalScale: {x: 1, y: 1, z: 1}
  m_Children: []
  m_Father: {fileID: 4826867451979762}
  m_RootOrder: 4
  m_LocalEulerAnglesHint: {x: -0.0000008786839, y: 347.4991, z: -0.000003153161}
--- !u!20 &20167530778004824
Camera:
  m_ObjectHideFlags: 1
  m_CorrespondingSourceObject: {fileID: 0}
  m_PrefabInternal: {fileID: 100100000}
  m_GameObject: {fileID: 1465259392517836}
  m_Enabled: 1
  serializedVersion: 2
  m_ClearFlags: 1
  m_BackGroundColor: {r: 0.19215687, g: 0.3019608, b: 0.4745098, a: 0}
  m_projectionMatrixMode: 1
  m_SensorSize: {x: 36, y: 24}
  m_LensShift: {x: 0, y: 0}
  m_FocalLength: 50
  m_NormalizedViewPortRect:
    serializedVersion: 2
    x: 0
    y: 0
    width: 1
    height: 1
  near clip plane: 0.3
  far clip plane: 1000
  field of view: 30
  orthographic: 0
  orthographic size: 5
  m_Depth: -1
  m_CullingMask:
    serializedVersion: 2
    m_Bits: 4294967295
  m_RenderingPath: -1
  m_TargetTexture: {fileID: 0}
  m_TargetDisplay: 0
  m_TargetEye: 3
  m_HDR: 1
  m_AllowMSAA: 1
  m_AllowDynamicResolution: 0
  m_ForceIntoRT: 0
  m_OcclusionCulling: 1
  m_StereoConvergence: 10
  m_StereoSeparation: 0.022
--- !u!81 &81214713570455574
AudioListener:
  m_ObjectHideFlags: 1
  m_CorrespondingSourceObject: {fileID: 0}
  m_PrefabInternal: {fileID: 100100000}
  m_GameObject: {fileID: 1465259392517836}
  m_Enabled: 1
--- !u!114 &114102667845630360
MonoBehaviour:
  m_ObjectHideFlags: 1
  m_CorrespondingSourceObject: {fileID: 0}
  m_PrefabInternal: {fileID: 100100000}
  m_GameObject: {fileID: 1429378154788626}
  m_Enabled: 1
  m_EditorHideFlags: 0
  m_Script: {fileID: 11500000, guid: 0cf46e321c1990c4eb3918cbb5f1ceb1, type: 3}
  m_Name: 
  m_EditorClassIdentifier: 
  animations:
  - {fileID: 0}
  - {fileID: 0}
  - {fileID: 0}
  - {fileID: 0}
  - {fileID: 0}
  - {fileID: 0}
  - {fileID: 0}
  - {fileID: 0}
--- !u!114 &114318122547359852
MonoBehaviour:
  m_ObjectHideFlags: 1
  m_CorrespondingSourceObject: {fileID: 0}
  m_PrefabInternal: {fileID: 100100000}
  m_GameObject: {fileID: 1119035593861634}
  m_Enabled: 1
  m_EditorHideFlags: 0
  m_Script: {fileID: 11500000, guid: 99f2d5214087ecc49adaecd665aa5c48, type: 3}
  m_Name: 
  m_EditorClassIdentifier: 
--- !u!114 &114801469397493224
MonoBehaviour:
  m_ObjectHideFlags: 1
  m_CorrespondingSourceObject: {fileID: 0}
  m_PrefabInternal: {fileID: 100100000}
  m_GameObject: {fileID: 1008759212838178}
  m_Enabled: 1
  m_EditorHideFlags: 0
  m_Script: {fileID: 11500000, guid: dbd4489ede363fa4b8fcdeb678f61315, type: 3}
  m_Name: 
  m_EditorClassIdentifier: 
  ledsParent: {fileID: 0}
  loopVel: 3
  sizeLedsTilting: 3
--- !u!114 &114881770428660920
MonoBehaviour:
  m_ObjectHideFlags: 1
  m_CorrespondingSourceObject: {fileID: 0}
  m_PrefabInternal: {fileID: 100100000}
  m_GameObject: {fileID: 1626689626387294}
  m_Enabled: 1
  m_EditorHideFlags: 0
  m_Script: {fileID: 11500000, guid: 718ff1c9dcd8e37408e97fef079890c3, type: 3}
  m_Name: 
  m_EditorClassIdentifier: 
--- !u!320 &320738506740732248
PlayableDirector:
  m_ObjectHideFlags: 1
  m_CorrespondingSourceObject: {fileID: 0}
  m_PrefabInternal: {fileID: 100100000}
  m_GameObject: {fileID: 1142728843875712}
  m_Enabled: 1
  serializedVersion: 3
  m_PlayableAsset: {fileID: 11400000, guid: ea60119cec52f914aae28454c07a85d9, type: 2}
  m_InitialState: 1
  m_WrapMode: 2
  m_DirectorUpdateMode: 1
  m_InitialTime: 0
  m_SceneBindings:
  - key: {fileID: 0}
    value: {fileID: 0}
  - key: {fileID: 0}
    value: {fileID: 0}
  - key: {fileID: 0}
    value: {fileID: 0}
  - key: {fileID: 0}
    value: {fileID: 0}
  - key: {fileID: 0}
    value: {fileID: 0}
  - key: {fileID: 0}
    value: {fileID: 0}
  - key: {fileID: 0}
    value: {fileID: 0}
  - key: {fileID: 0}
    value: {fileID: 0}
  - key: {fileID: 0}
    value: {fileID: 0}
  - key: {fileID: 0}
    value: {fileID: 0}
  - key: {fileID: 0}
    value: {fileID: 0}
  - key: {fileID: 0}
    value: {fileID: 0}
  - key: {fileID: 0}
    value: {fileID: 0}
  - key: {fileID: 0}
    value: {fileID: 0}
  - key: {fileID: 0}
    value: {fileID: 0}
  - key: {fileID: 0}
    value: {fileID: 0}
  - key: {fileID: 0}
    value: {fileID: 0}
  - key: {fileID: 0}
    value: {fileID: 0}
  - key: {fileID: 0}
    value: {fileID: 0}
  - key: {fileID: 0}
    value: {fileID: 0}
  - key: {fileID: 0}
    value: {fileID: 0}
  - key: {fileID: 0}
    value: {fileID: 0}
  - key: {fileID: 0}
    value: {fileID: 0}
  - key: {fileID: 0}
    value: {fileID: 0}
  - key: {fileID: 0}
    value: {fileID: 0}
  - key: {fileID: 0}
    value: {fileID: 0}
  - key: {fileID: 0}
    value: {fileID: 0}
  - key: {fileID: 0}
    value: {fileID: 0}
  - key: {fileID: 0}
    value: {fileID: 0}
  - key: {fileID: 0}
    value: {fileID: 0}
  - key: {fileID: 0}
    value: {fileID: 0}
  - key: {fileID: 0}
    value: {fileID: 0}
  - key: {fileID: 0}
    value: {fileID: 0}
  - key: {fileID: 0}
    value: {fileID: 0}
  - key: {fileID: 0}
    value: {fileID: 0}
  - key: {fileID: 0}
    value: {fileID: 0}
  - key: {fileID: 114674638595347618, guid: 0a19de2d23880724bbe122796ca9d2ad, type: 2}
    value: {fileID: 1465259392517836}
  - key: {fileID: 114220693693727306, guid: 0a19de2d23880724bbe122796ca9d2ad, type: 2}
    value: {fileID: 0}
  - key: {fileID: 114792424036568688, guid: 0a19de2d23880724bbe122796ca9d2ad, type: 2}
    value: {fileID: 0}
  - key: {fileID: 114002402322613162, guid: 0a19de2d23880724bbe122796ca9d2ad, type: 2}
    value: {fileID: 0}
  - key: {fileID: 114677167331494428, guid: 0a19de2d23880724bbe122796ca9d2ad, type: 2}
    value: {fileID: 0}
  - key: {fileID: 114289438939640210, guid: 0a19de2d23880724bbe122796ca9d2ad, type: 2}
    value: {fileID: 0}
  - key: {fileID: 114200946302665442, guid: 0a19de2d23880724bbe122796ca9d2ad, type: 2}
    value: {fileID: 0}
  - key: {fileID: 114684421621984298, guid: 0a19de2d23880724bbe122796ca9d2ad, type: 2}
    value: {fileID: 0}
  - key: {fileID: 114942154307183300, guid: 0a19de2d23880724bbe122796ca9d2ad, type: 2}
    value: {fileID: 0}
  - key: {fileID: 114073076860914374, guid: 0a19de2d23880724bbe122796ca9d2ad, type: 2}
    value: {fileID: 0}
  - key: {fileID: 114775931924778066, guid: 0a19de2d23880724bbe122796ca9d2ad, type: 2}
    value: {fileID: 0}
  - key: {fileID: 114128157381724252, guid: 0a19de2d23880724bbe122796ca9d2ad, type: 2}
    value: {fileID: 0}
  - key: {fileID: 114019605897900474, guid: 0a19de2d23880724bbe122796ca9d2ad, type: 2}
    value: {fileID: 0}
  - key: {fileID: 114123874634722510, guid: 0a19de2d23880724bbe122796ca9d2ad, type: 2}
    value: {fileID: 0}
  - key: {fileID: 114370749106421256, guid: 0a19de2d23880724bbe122796ca9d2ad, type: 2}
    value: {fileID: 0}
  - key: {fileID: 114621692482247172, guid: 0a19de2d23880724bbe122796ca9d2ad, type: 2}
    value: {fileID: 0}
  - key: {fileID: 114424069232264266, guid: 0a19de2d23880724bbe122796ca9d2ad, type: 2}
    value: {fileID: 0}
  - key: {fileID: 114371443827760448, guid: 0a19de2d23880724bbe122796ca9d2ad, type: 2}
    value: {fileID: 0}
  - key: {fileID: 114445128477821586, guid: 0a19de2d23880724bbe122796ca9d2ad, type: 2}
    value: {fileID: 0}
  - key: {fileID: 114081575428241030, guid: 0a19de2d23880724bbe122796ca9d2ad, type: 2}
    value: {fileID: 0}
  - key: {fileID: 0}
    value: {fileID: 0}
  - key: {fileID: 114851413610740132, guid: ea60119cec52f914aae28454c07a85d9, type: 2}
    value: {fileID: 1465259392517836}
  - key: {fileID: 0}
    value: {fileID: 0}
  - key: {fileID: 114633407348239066, guid: ea60119cec52f914aae28454c07a85d9, type: 2}
    value: {fileID: 1008759212838178}
  - key: {fileID: 114644708586488454, guid: ea60119cec52f914aae28454c07a85d9, type: 2}
    value: {fileID: 1626689626387294}
  - key: {fileID: 0}
    value: {fileID: 0}
  - key: {fileID: 114273760520791170, guid: ea60119cec52f914aae28454c07a85d9, type: 2}
    value: {fileID: 0}
  - key: {fileID: 114316423651000414, guid: ea60119cec52f914aae28454c07a85d9, type: 2}
    value: {fileID: 0}
  - key: {fileID: 114563288795045248, guid: ea60119cec52f914aae28454c07a85d9, type: 2}
    value: {fileID: 1429378154788626}
  - key: {fileID: 114283917814147894, guid: ea60119cec52f914aae28454c07a85d9, type: 2}
    value: {fileID: 1119035593861634}
  m_ExposedReferences:
    m_References:
    - bc21dcbb5acad9f47b1a322e1f4af860: {fileID: 0}
    - bc76025a7bff00e4e977f31ca64e2cf3: {fileID: 0}
