%YAML 1.1
%TAG !u! tag:unity3d.com,2011:
--- !u!29 &1
OcclusionCullingSettings:
  m_ObjectHideFlags: 0
  serializedVersion: 2
  m_OcclusionBakeSettings:
    smallestOccluder: 5
    smallestHole: 0.25
    backfaceThreshold: 100
  m_SceneGUID: 00000000000000000000000000000000
  m_OcclusionCullingData: {fileID: 0}
--- !u!104 &2
RenderSettings:
  m_ObjectHideFlags: 0
  serializedVersion: 9
  m_Fog: 0
  m_FogColor: {r: 0.5, g: 0.5, b: 0.5, a: 1}
  m_FogMode: 3
  m_FogDensity: 0.01
  m_LinearFogStart: 0
  m_LinearFogEnd: 300
  m_AmbientSkyColor: {r: 0.509434, g: 0.509434, b: 0.509434, a: 1}
  m_AmbientEquatorColor: {r: 0.114, g: 0.125, b: 0.133, a: 1}
  m_AmbientGroundColor: {r: 0.047, g: 0.043, b: 0.035, a: 1}
  m_AmbientIntensity: 1
  m_AmbientMode: 3
  m_SubtractiveShadowColor: {r: 0.42, g: 0.478, b: 0.627, a: 1}
  m_SkyboxMaterial: {fileID: 2100000, guid: 2bd8959f5fbd3644aa33af1a155fc147, type: 2}
  m_HaloStrength: 0.5
  m_FlareStrength: 1
  m_FlareFadeSpeed: 3
  m_HaloTexture: {fileID: 0}
  m_SpotCookie: {fileID: 10001, guid: 0000000000000000e000000000000000, type: 0}
  m_DefaultReflectionMode: 0
  m_DefaultReflectionResolution: 128
  m_ReflectionBounces: 1
  m_ReflectionIntensity: 1
  m_CustomReflection: {fileID: 0}
  m_Sun: {fileID: 0}
  m_IndirectSpecularColor: {r: 0.50260097, g: 0.9837808, b: 1.1449716, a: 1}
  m_UseRadianceAmbientProbe: 0
--- !u!157 &3
LightmapSettings:
  m_ObjectHideFlags: 0
  serializedVersion: 11
  m_GIWorkflowMode: 1
  m_GISettings:
    serializedVersion: 2
    m_BounceScale: 1
    m_IndirectOutputScale: 1
    m_AlbedoBoost: 1
    m_TemporalCoherenceThreshold: 1
    m_EnvironmentLightingMode: 1
    m_EnableBakedLightmaps: 1
    m_EnableRealtimeLightmaps: 0
  m_LightmapEditorSettings:
    serializedVersion: 10
    m_Resolution: 2
    m_BakeResolution: 40
    m_AtlasSize: 1024
    m_AO: 0
    m_AOMaxDistance: 1
    m_CompAOExponent: 1
    m_CompAOExponentDirect: 0
    m_Padding: 2
    m_LightmapParameters: {fileID: 0}
    m_LightmapsBakeMode: 1
    m_TextureCompression: 1
    m_FinalGather: 0
    m_FinalGatherFiltering: 1
    m_FinalGatherRayCount: 256
    m_ReflectionCompression: 2
    m_MixedBakeMode: 2
    m_BakeBackend: 1
    m_PVRSampling: 1
    m_PVRDirectSampleCount: 32
    m_PVRSampleCount: 500
    m_PVRBounces: 2
    m_PVRFilterTypeDirect: 0
    m_PVRFilterTypeIndirect: 0
    m_PVRFilterTypeAO: 0
    m_PVRFilteringMode: 1
    m_PVRCulling: 1
    m_PVRFilteringGaussRadiusDirect: 1
    m_PVRFilteringGaussRadiusIndirect: 5
    m_PVRFilteringGaussRadiusAO: 2
    m_PVRFilteringAtrousPositionSigmaDirect: 0.5
    m_PVRFilteringAtrousPositionSigmaIndirect: 2
    m_PVRFilteringAtrousPositionSigmaAO: 1
    m_ShowResolutionOverlay: 1
  m_LightingDataAsset: {fileID: 112000002, guid: 282f9739422d4d048bf0166c133b115c,
    type: 2}
  m_UseShadowmask: 1
--- !u!196 &4
NavMeshSettings:
  serializedVersion: 2
  m_ObjectHideFlags: 0
  m_BuildSettings:
    serializedVersion: 2
    agentTypeID: 0
    agentRadius: 0.5
    agentHeight: 2
    agentSlope: 45
    agentClimb: 0.4
    ledgeDropHeight: 0
    maxJumpAcrossDistance: 0
    minRegionArea: 2
    manualCellSize: 0
    cellSize: 0.16666667
    manualTileSize: 0
    tileSize: 256
    accuratePlacement: 0
    debug:
      m_Flags: 0
  m_NavMeshData: {fileID: 0}
--- !u!1001 &16473125
Prefab:
  m_ObjectHideFlags: 0
  serializedVersion: 2
  m_Modification:
    m_TransformParent: {fileID: 1001011251}
    m_Modifications:
    - target: {fileID: 4030056436020578, guid: 32f98d34a72d19443b15fac32eeefb66, type: 2}
      propertyPath: m_LocalPosition.x
      value: -1.08
      objectReference: {fileID: 0}
    - target: {fileID: 4030056436020578, guid: 32f98d34a72d19443b15fac32eeefb66, type: 2}
      propertyPath: m_LocalPosition.y
      value: -0.33
      objectReference: {fileID: 0}
    - target: {fileID: 4030056436020578, guid: 32f98d34a72d19443b15fac32eeefb66, type: 2}
      propertyPath: m_LocalPosition.z
      value: 11.3
      objectReference: {fileID: 0}
    - target: {fileID: 4030056436020578, guid: 32f98d34a72d19443b15fac32eeefb66, type: 2}
      propertyPath: m_LocalRotation.x
      value: -0
      objectReference: {fileID: 0}
    - target: {fileID: 4030056436020578, guid: 32f98d34a72d19443b15fac32eeefb66, type: 2}
      propertyPath: m_LocalRotation.y
      value: 0.7071068
      objectReference: {fileID: 0}
    - target: {fileID: 4030056436020578, guid: 32f98d34a72d19443b15fac32eeefb66, type: 2}
      propertyPath: m_LocalRotation.z
      value: -0
      objectReference: {fileID: 0}
    - target: {fileID: 4030056436020578, guid: 32f98d34a72d19443b15fac32eeefb66, type: 2}
      propertyPath: m_LocalRotation.w
      value: 0.70710677
      objectReference: {fileID: 0}
    - target: {fileID: 4030056436020578, guid: 32f98d34a72d19443b15fac32eeefb66, type: 2}
      propertyPath: m_RootOrder
      value: 8
      objectReference: {fileID: 0}
    - target: {fileID: 4030056436020578, guid: 32f98d34a72d19443b15fac32eeefb66, type: 2}
      propertyPath: m_LocalScale.y
      value: 1.290875
      objectReference: {fileID: 0}
    - target: {fileID: 1219066964125216, guid: 32f98d34a72d19443b15fac32eeefb66, type: 2}
      propertyPath: m_IsActive
      value: 1
      objectReference: {fileID: 0}
    - target: {fileID: 4030056436020578, guid: 32f98d34a72d19443b15fac32eeefb66, type: 2}
      propertyPath: m_LocalEulerAnglesHint.y
      value: 90.00001
      objectReference: {fileID: 0}
    - target: {fileID: 4030056436020578, guid: 32f98d34a72d19443b15fac32eeefb66, type: 2}
      propertyPath: m_LocalEulerAnglesHint.z
      value: 0
      objectReference: {fileID: 0}
    - target: {fileID: 4030056436020578, guid: 32f98d34a72d19443b15fac32eeefb66, type: 2}
      propertyPath: m_LocalScale.x
      value: 0.999999
      objectReference: {fileID: 0}
    - target: {fileID: 1219066964125216, guid: 32f98d34a72d19443b15fac32eeefb66, type: 2}
      propertyPath: m_Name
      value: Pared Inmovil (3)
      objectReference: {fileID: 0}
    - target: {fileID: 4030056436020578, guid: 32f98d34a72d19443b15fac32eeefb66, type: 2}
      propertyPath: m_LocalScale.z
      value: 1.38783
      objectReference: {fileID: 0}
    m_RemovedComponents: []
  m_SourcePrefab: {fileID: 100100000, guid: 32f98d34a72d19443b15fac32eeefb66, type: 2}
  m_IsPrefabAsset: 0
--- !u!1 &89913941
GameObject:
  m_ObjectHideFlags: 0
  m_CorrespondingSourceObject: {fileID: 1574786866479370, guid: bb7afce7b3d461a4e85184c26a12b2b2,
    type: 2}
  m_PrefabInternal: {fileID: 0}
  serializedVersion: 6
  m_Component:
  - component: {fileID: 89913942}
  - component: {fileID: 89913946}
  - component: {fileID: 89913945}
  - component: {fileID: 89913944}
  - component: {fileID: 89913943}
  m_Layer: 0
  m_Name: Wall
  m_TagString: Floor
  m_Icon: {fileID: 0}
  m_NavMeshLayer: 0
  m_StaticEditorFlags: 0
  m_IsActive: 0
--- !u!4 &89913942
Transform:
  m_ObjectHideFlags: 0
  m_CorrespondingSourceObject: {fileID: 4274221444280786, guid: bb7afce7b3d461a4e85184c26a12b2b2,
    type: 2}
  m_PrefabInternal: {fileID: 0}
  m_GameObject: {fileID: 89913941}
  m_LocalRotation: {x: -0, y: -0, z: -0, w: 1}
  m_LocalPosition: {x: 0, y: 5.13, z: 1.31}
  m_LocalScale: {x: 2.3084, y: 8.498586, z: 0.6430768}
  m_Children: []
  m_Father: {fileID: 1001011251}
  m_RootOrder: 0
  m_LocalEulerAnglesHint: {x: 0, y: 0, z: 0}
--- !u!54 &89913943
Rigidbody:
  m_ObjectHideFlags: 0
  m_CorrespondingSourceObject: {fileID: 54561630286135534, guid: bb7afce7b3d461a4e85184c26a12b2b2,
    type: 2}
  m_PrefabInternal: {fileID: 0}
  m_GameObject: {fileID: 89913941}
  serializedVersion: 2
  m_Mass: 1
  m_Drag: 0.3
  m_AngularDrag: 2
  m_UseGravity: 0
  m_IsKinematic: 1
  m_Interpolate: 0
  m_Constraints: 0
  m_CollisionDetection: 0
--- !u!65 &89913944
BoxCollider:
  m_ObjectHideFlags: 0
  m_CorrespondingSourceObject: {fileID: 65186397738735698, guid: bb7afce7b3d461a4e85184c26a12b2b2,
    type: 2}
  m_PrefabInternal: {fileID: 0}
  m_GameObject: {fileID: 89913941}
  m_Material: {fileID: 0}
  m_IsTrigger: 0
  m_Enabled: 1
  serializedVersion: 2
  m_Size: {x: 1, y: 1, z: 1}
  m_Center: {x: 0, y: 0, z: 0}
--- !u!23 &89913945
MeshRenderer:
  m_ObjectHideFlags: 0
  m_CorrespondingSourceObject: {fileID: 23354613000753932, guid: bb7afce7b3d461a4e85184c26a12b2b2,
    type: 2}
  m_PrefabInternal: {fileID: 0}
  m_GameObject: {fileID: 89913941}
  m_Enabled: 1
  m_CastShadows: 1
  m_ReceiveShadows: 1
  m_DynamicOccludee: 1
  m_MotionVectors: 1
  m_LightProbeUsage: 1
  m_ReflectionProbeUsage: 1
  m_RenderingLayerMask: 4294967295
  m_Materials:
  - {fileID: 10303, guid: 0000000000000000f000000000000000, type: 0}
  m_StaticBatchInfo:
    firstSubMesh: 0
    subMeshCount: 0
  m_StaticBatchRoot: {fileID: 0}
  m_ProbeAnchor: {fileID: 0}
  m_LightProbeVolumeOverride: {fileID: 0}
  m_ScaleInLightmap: 1
  m_PreserveUVs: 0
  m_IgnoreNormalsForChartDetection: 0
  m_ImportantGI: 0
  m_StitchLightmapSeams: 0
  m_SelectedEditorRenderState: 3
  m_MinimumChartSize: 4
  m_AutoUVMaxDistance: 0.5
  m_AutoUVMaxAngle: 89
  m_LightmapParameters: {fileID: 0}
  m_SortingLayerID: 0
  m_SortingLayer: 0
  m_SortingOrder: 0
--- !u!33 &89913946
MeshFilter:
  m_ObjectHideFlags: 0
  m_CorrespondingSourceObject: {fileID: 33686736424204292, guid: bb7afce7b3d461a4e85184c26a12b2b2,
    type: 2}
  m_PrefabInternal: {fileID: 0}
  m_GameObject: {fileID: 89913941}
  m_Mesh: {fileID: 10202, guid: 0000000000000000e000000000000000, type: 0}
--- !u!1 &499444366
GameObject:
  m_ObjectHideFlags: 0
  m_CorrespondingSourceObject: {fileID: 1591050867558534, guid: bb7afce7b3d461a4e85184c26a12b2b2,
    type: 2}
  m_PrefabInternal: {fileID: 0}
  serializedVersion: 6
  m_Component:
  - component: {fileID: 1001011251}
  m_Layer: 0
  m_Name: Platforms
  m_TagString: Untagged
  m_Icon: {fileID: 0}
  m_NavMeshLayer: 0
  m_StaticEditorFlags: 0
  m_IsActive: 1
--- !u!1 &517179877
GameObject:
  m_ObjectHideFlags: 0
  m_CorrespondingSourceObject: {fileID: 0}
  m_PrefabInternal: {fileID: 0}
  serializedVersion: 6
  m_Component:
  - component: {fileID: 517179880}
  - component: {fileID: 517179879}
  - component: {fileID: 517179878}
  m_Layer: 0
  m_Name: EventSystem
  m_TagString: Untagged
  m_Icon: {fileID: 0}
  m_NavMeshLayer: 0
  m_StaticEditorFlags: 0
  m_IsActive: 1
--- !u!114 &517179878
MonoBehaviour:
  m_ObjectHideFlags: 0
  m_CorrespondingSourceObject: {fileID: 0}
  m_PrefabInternal: {fileID: 0}
  m_GameObject: {fileID: 517179877}
  m_Enabled: 1
  m_EditorHideFlags: 0
  m_Script: {fileID: 1077351063, guid: f70555f144d8491a825f0804e09c671c, type: 3}
  m_Name: 
  m_EditorClassIdentifier: 
  m_HorizontalAxis: Horizontal
  m_VerticalAxis: Vertical
  m_SubmitButton: Submit
  m_CancelButton: Cancel
  m_InputActionsPerSecond: 10
  m_RepeatDelay: 0.5
  m_ForceModuleActive: 0
--- !u!114 &517179879
MonoBehaviour:
  m_ObjectHideFlags: 0
  m_CorrespondingSourceObject: {fileID: 0}
  m_PrefabInternal: {fileID: 0}
  m_GameObject: {fileID: 517179877}
  m_Enabled: 1
  m_EditorHideFlags: 0
  m_Script: {fileID: -619905303, guid: f70555f144d8491a825f0804e09c671c, type: 3}
  m_Name: 
  m_EditorClassIdentifier: 
  m_FirstSelected: {fileID: 0}
  m_sendNavigationEvents: 1
  m_DragThreshold: 10
--- !u!4 &517179880
Transform:
  m_ObjectHideFlags: 0
  m_CorrespondingSourceObject: {fileID: 0}
  m_PrefabInternal: {fileID: 0}
  m_GameObject: {fileID: 517179877}
  m_LocalRotation: {x: 0, y: 0, z: 0, w: 1}
  m_LocalPosition: {x: 0, y: 0, z: 0}
  m_LocalScale: {x: 1, y: 1, z: 1}
  m_Children: []
  m_Father: {fileID: 0}
  m_RootOrder: 6
  m_LocalEulerAnglesHint: {x: 0, y: 0, z: 0}
--- !u!1001 &544046792
Prefab:
  m_ObjectHideFlags: 0
  serializedVersion: 2
  m_Modification:
    m_TransformParent: {fileID: 1001011251}
    m_Modifications:
    - target: {fileID: 4030056436020578, guid: 32f98d34a72d19443b15fac32eeefb66, type: 2}
      propertyPath: m_LocalPosition.x
      value: -1.08
      objectReference: {fileID: 0}
    - target: {fileID: 4030056436020578, guid: 32f98d34a72d19443b15fac32eeefb66, type: 2}
      propertyPath: m_LocalPosition.y
      value: 5.79
      objectReference: {fileID: 0}
    - target: {fileID: 4030056436020578, guid: 32f98d34a72d19443b15fac32eeefb66, type: 2}
      propertyPath: m_LocalPosition.z
      value: -0.77
      objectReference: {fileID: 0}
    - target: {fileID: 4030056436020578, guid: 32f98d34a72d19443b15fac32eeefb66, type: 2}
      propertyPath: m_LocalRotation.x
      value: 0.40900314
      objectReference: {fileID: 0}
    - target: {fileID: 4030056436020578, guid: 32f98d34a72d19443b15fac32eeefb66, type: 2}
      propertyPath: m_LocalRotation.y
      value: 0.5768159
      objectReference: {fileID: 0}
    - target: {fileID: 4030056436020578, guid: 32f98d34a72d19443b15fac32eeefb66, type: 2}
      propertyPath: m_LocalRotation.z
      value: 0.4090031
      objectReference: {fileID: 0}
    - target: {fileID: 4030056436020578, guid: 32f98d34a72d19443b15fac32eeefb66, type: 2}
      propertyPath: m_LocalRotation.w
      value: 0.5768158
      objectReference: {fileID: 0}
    - target: {fileID: 4030056436020578, guid: 32f98d34a72d19443b15fac32eeefb66, type: 2}
      propertyPath: m_RootOrder
      value: 7
      objectReference: {fileID: 0}
    - target: {fileID: 4030056436020578, guid: 32f98d34a72d19443b15fac32eeefb66, type: 2}
      propertyPath: m_LocalScale.y
      value: 2.7453566
      objectReference: {fileID: 0}
    - target: {fileID: 1219066964125216, guid: 32f98d34a72d19443b15fac32eeefb66, type: 2}
      propertyPath: m_IsActive
      value: 1
      objectReference: {fileID: 0}
    - target: {fileID: 4030056436020578, guid: 32f98d34a72d19443b15fac32eeefb66, type: 2}
      propertyPath: m_LocalEulerAnglesHint.y
      value: 90.00001
      objectReference: {fileID: 0}
    - target: {fileID: 4030056436020578, guid: 32f98d34a72d19443b15fac32eeefb66, type: 2}
      propertyPath: m_LocalEulerAnglesHint.z
      value: 70.679
      objectReference: {fileID: 0}
    - target: {fileID: 4030056436020578, guid: 32f98d34a72d19443b15fac32eeefb66, type: 2}
      propertyPath: m_LocalScale.x
      value: 1.0000005
      objectReference: {fileID: 0}
    - target: {fileID: 4030056436020578, guid: 32f98d34a72d19443b15fac32eeefb66, type: 2}
      propertyPath: m_LocalScale.z
      value: 1.3878305
      objectReference: {fileID: 0}
    - target: {fileID: 1219066964125216, guid: 32f98d34a72d19443b15fac32eeefb66, type: 2}
      propertyPath: m_Name
      value: Pared Inmovil (2)
      objectReference: {fileID: 0}
    m_RemovedComponents: []
  m_SourcePrefab: {fileID: 100100000, guid: 32f98d34a72d19443b15fac32eeefb66, type: 2}
  m_IsPrefabAsset: 0
--- !u!1001 &607563632
Prefab:
  m_ObjectHideFlags: 0
  serializedVersion: 2
  m_Modification:
    m_TransformParent: {fileID: 1001011251}
    m_Modifications:
    - target: {fileID: 4030056436020578, guid: 32f98d34a72d19443b15fac32eeefb66, type: 2}
      propertyPath: m_LocalPosition.x
      value: -1.08
      objectReference: {fileID: 0}
    - target: {fileID: 4030056436020578, guid: 32f98d34a72d19443b15fac32eeefb66, type: 2}
      propertyPath: m_LocalPosition.y
      value: 8.67
      objectReference: {fileID: 0}
    - target: {fileID: 4030056436020578, guid: 32f98d34a72d19443b15fac32eeefb66, type: 2}
      propertyPath: m_LocalPosition.z
      value: -1.11
      objectReference: {fileID: 0}
    - target: {fileID: 4030056436020578, guid: 32f98d34a72d19443b15fac32eeefb66, type: 2}
      propertyPath: m_LocalRotation.x
      value: 0.50000006
      objectReference: {fileID: 0}
    - target: {fileID: 4030056436020578, guid: 32f98d34a72d19443b15fac32eeefb66, type: 2}
      propertyPath: m_LocalRotation.y
      value: 0.50000006
      objectReference: {fileID: 0}
    - target: {fileID: 4030056436020578, guid: 32f98d34a72d19443b15fac32eeefb66, type: 2}
      propertyPath: m_LocalRotation.z
      value: 0.5
      objectReference: {fileID: 0}
    - target: {fileID: 4030056436020578, guid: 32f98d34a72d19443b15fac32eeefb66, type: 2}
      propertyPath: m_LocalRotation.w
      value: 0.5
      objectReference: {fileID: 0}
    - target: {fileID: 4030056436020578, guid: 32f98d34a72d19443b15fac32eeefb66, type: 2}
      propertyPath: m_RootOrder
      value: 6
      objectReference: {fileID: 0}
    - target: {fileID: 4030056436020578, guid: 32f98d34a72d19443b15fac32eeefb66, type: 2}
      propertyPath: m_LocalScale.y
      value: 2.7453587
      objectReference: {fileID: 0}
    - target: {fileID: 1219066964125216, guid: 32f98d34a72d19443b15fac32eeefb66, type: 2}
      propertyPath: m_IsActive
      value: 1
      objectReference: {fileID: 0}
    - target: {fileID: 4030056436020578, guid: 32f98d34a72d19443b15fac32eeefb66, type: 2}
      propertyPath: m_LocalEulerAnglesHint.y
      value: 90.00001
      objectReference: {fileID: 0}
    - target: {fileID: 4030056436020578, guid: 32f98d34a72d19443b15fac32eeefb66, type: 2}
      propertyPath: m_LocalEulerAnglesHint.z
      value: 90
      objectReference: {fileID: 0}
    - target: {fileID: 4030056436020578, guid: 32f98d34a72d19443b15fac32eeefb66, type: 2}
      propertyPath: m_LocalScale.x
      value: 0.999999
      objectReference: {fileID: 0}
    - target: {fileID: 4030056436020578, guid: 32f98d34a72d19443b15fac32eeefb66, type: 2}
      propertyPath: m_LocalScale.z
      value: 1.38783
      objectReference: {fileID: 0}
    - target: {fileID: 1219066964125216, guid: 32f98d34a72d19443b15fac32eeefb66, type: 2}
      propertyPath: m_Name
      value: Pared Inmovil (1)
      objectReference: {fileID: 0}
    m_RemovedComponents: []
  m_SourcePrefab: {fileID: 100100000, guid: 32f98d34a72d19443b15fac32eeefb66, type: 2}
  m_IsPrefabAsset: 0
--- !u!1 &625022063
GameObject:
  m_ObjectHideFlags: 0
  m_CorrespondingSourceObject: {fileID: 0}
  m_PrefabInternal: {fileID: 0}
  serializedVersion: 6
  m_Component:
  - component: {fileID: 625022064}
  m_Layer: 0
  m_Name: Walls
  m_TagString: Untagged
  m_Icon: {fileID: 0}
  m_NavMeshLayer: 0
  m_StaticEditorFlags: 0
  m_IsActive: 1
--- !u!4 &625022064
Transform:
  m_ObjectHideFlags: 0
  m_CorrespondingSourceObject: {fileID: 0}
  m_PrefabInternal: {fileID: 0}
  m_GameObject: {fileID: 625022063}
  m_LocalRotation: {x: 0, y: 0, z: 0, w: 1}
  m_LocalPosition: {x: -0.13671875, y: 6.6035156, z: 7.3066406}
  m_LocalScale: {x: 1, y: 1, z: 1}
  m_Children: []
  m_Father: {fileID: 0}
  m_RootOrder: 3
  m_LocalEulerAnglesHint: {x: 0, y: 0, z: 0}
--- !u!1 &760854272
GameObject:
  m_ObjectHideFlags: 0
  m_CorrespondingSourceObject: {fileID: 1574786866479370, guid: bb7afce7b3d461a4e85184c26a12b2b2,
    type: 2}
  m_PrefabInternal: {fileID: 0}
  serializedVersion: 6
  m_Component:
  - component: {fileID: 760854273}
  - component: {fileID: 760854277}
  - component: {fileID: 760854276}
  - component: {fileID: 760854275}
  - component: {fileID: 760854274}
  m_Layer: 0
  m_Name: Wall 3
  m_TagString: Floor
  m_Icon: {fileID: 0}
  m_NavMeshLayer: 0
  m_StaticEditorFlags: 0
  m_IsActive: 0
--- !u!4 &760854273
Transform:
  m_ObjectHideFlags: 0
  m_CorrespondingSourceObject: {fileID: 4274221444280786, guid: bb7afce7b3d461a4e85184c26a12b2b2,
    type: 2}
  m_PrefabInternal: {fileID: 0}
  m_GameObject: {fileID: 760854272}
  m_LocalRotation: {x: -0, y: -0, z: -0, w: 1}
  m_LocalPosition: {x: 0, y: 2.37, z: 10.92}
  m_LocalScale: {x: 2.3084, y: 2.9806633, z: 0.64307564}
  m_Children: []
  m_Father: {fileID: 1001011251}
  m_RootOrder: 2
  m_LocalEulerAnglesHint: {x: 0, y: 0, z: 0}
--- !u!54 &760854274
Rigidbody:
  m_ObjectHideFlags: 0
  m_CorrespondingSourceObject: {fileID: 54561630286135534, guid: bb7afce7b3d461a4e85184c26a12b2b2,
    type: 2}
  m_PrefabInternal: {fileID: 0}
  m_GameObject: {fileID: 760854272}
  serializedVersion: 2
  m_Mass: 1
  m_Drag: 0.3
  m_AngularDrag: 2
  m_UseGravity: 0
  m_IsKinematic: 1
  m_Interpolate: 0
  m_Constraints: 0
  m_CollisionDetection: 0
--- !u!65 &760854275
BoxCollider:
  m_ObjectHideFlags: 0
  m_CorrespondingSourceObject: {fileID: 65186397738735698, guid: bb7afce7b3d461a4e85184c26a12b2b2,
    type: 2}
  m_PrefabInternal: {fileID: 0}
  m_GameObject: {fileID: 760854272}
  m_Material: {fileID: 0}
  m_IsTrigger: 0
  m_Enabled: 1
  serializedVersion: 2
  m_Size: {x: 1, y: 1, z: 1}
  m_Center: {x: 0, y: 0, z: 0}
--- !u!23 &760854276
MeshRenderer:
  m_ObjectHideFlags: 0
  m_CorrespondingSourceObject: {fileID: 23354613000753932, guid: bb7afce7b3d461a4e85184c26a12b2b2,
    type: 2}
  m_PrefabInternal: {fileID: 0}
  m_GameObject: {fileID: 760854272}
  m_Enabled: 1
  m_CastShadows: 1
  m_ReceiveShadows: 1
  m_DynamicOccludee: 1
  m_MotionVectors: 1
  m_LightProbeUsage: 1
  m_ReflectionProbeUsage: 1
  m_RenderingLayerMask: 4294967295
  m_Materials:
  - {fileID: 10303, guid: 0000000000000000f000000000000000, type: 0}
  m_StaticBatchInfo:
    firstSubMesh: 0
    subMeshCount: 0
  m_StaticBatchRoot: {fileID: 0}
  m_ProbeAnchor: {fileID: 0}
  m_LightProbeVolumeOverride: {fileID: 0}
  m_ScaleInLightmap: 1
  m_PreserveUVs: 0
  m_IgnoreNormalsForChartDetection: 0
  m_ImportantGI: 0
  m_StitchLightmapSeams: 0
  m_SelectedEditorRenderState: 3
  m_MinimumChartSize: 4
  m_AutoUVMaxDistance: 0.5
  m_AutoUVMaxAngle: 89
  m_LightmapParameters: {fileID: 0}
  m_SortingLayerID: 0
  m_SortingLayer: 0
  m_SortingOrder: 0
--- !u!33 &760854277
MeshFilter:
  m_ObjectHideFlags: 0
  m_CorrespondingSourceObject: {fileID: 33686736424204292, guid: bb7afce7b3d461a4e85184c26a12b2b2,
    type: 2}
  m_PrefabInternal: {fileID: 0}
  m_GameObject: {fileID: 760854272}
  m_Mesh: {fileID: 10202, guid: 0000000000000000e000000000000000, type: 0}
--- !u!1001 &876008661
Prefab:
  m_ObjectHideFlags: 0
  serializedVersion: 2
  m_Modification:
    m_TransformParent: {fileID: 1001011251}
    m_Modifications:
    - target: {fileID: 4030056436020578, guid: 32f98d34a72d19443b15fac32eeefb66, type: 2}
      propertyPath: m_LocalPosition.x
      value: -1.08
      objectReference: {fileID: 0}
    - target: {fileID: 4030056436020578, guid: 32f98d34a72d19443b15fac32eeefb66, type: 2}
      propertyPath: m_LocalPosition.y
      value: 2.28
      objectReference: {fileID: 0}
    - target: {fileID: 4030056436020578, guid: 32f98d34a72d19443b15fac32eeefb66, type: 2}
      propertyPath: m_LocalPosition.z
      value: 8.84
      objectReference: {fileID: 0}
    - target: {fileID: 4030056436020578, guid: 32f98d34a72d19443b15fac32eeefb66, type: 2}
      propertyPath: m_LocalRotation.x
      value: 0.3535534
      objectReference: {fileID: 0}
    - target: {fileID: 4030056436020578, guid: 32f98d34a72d19443b15fac32eeefb66, type: 2}
      propertyPath: m_LocalRotation.y
      value: 0.6123725
      objectReference: {fileID: 0}
    - target: {fileID: 4030056436020578, guid: 32f98d34a72d19443b15fac32eeefb66, type: 2}
      propertyPath: m_LocalRotation.z
      value: 0.35355338
      objectReference: {fileID: 0}
    - target: {fileID: 4030056436020578, guid: 32f98d34a72d19443b15fac32eeefb66, type: 2}
      propertyPath: m_LocalRotation.w
      value: 0.61237246
      objectReference: {fileID: 0}
    - target: {fileID: 4030056436020578, guid: 32f98d34a72d19443b15fac32eeefb66, type: 2}
      propertyPath: m_RootOrder
      value: 9
      objectReference: {fileID: 0}
    - target: {fileID: 4030056436020578, guid: 32f98d34a72d19443b15fac32eeefb66, type: 2}
      propertyPath: m_LocalScale.y
      value: 1.29088
      objectReference: {fileID: 0}
    - target: {fileID: 1219066964125216, guid: 32f98d34a72d19443b15fac32eeefb66, type: 2}
      propertyPath: m_IsActive
      value: 1
      objectReference: {fileID: 0}
    - target: {fileID: 4030056436020578, guid: 32f98d34a72d19443b15fac32eeefb66, type: 2}
      propertyPath: m_LocalEulerAnglesHint.y
      value: 90.00001
      objectReference: {fileID: 0}
    - target: {fileID: 4030056436020578, guid: 32f98d34a72d19443b15fac32eeefb66, type: 2}
      propertyPath: m_LocalEulerAnglesHint.z
      value: 60
      objectReference: {fileID: 0}
    - target: {fileID: 4030056436020578, guid: 32f98d34a72d19443b15fac32eeefb66, type: 2}
      propertyPath: m_LocalScale.x
      value: 0.999999
      objectReference: {fileID: 0}
    - target: {fileID: 1219066964125216, guid: 32f98d34a72d19443b15fac32eeefb66, type: 2}
      propertyPath: m_Name
      value: Pared Inmovil (4)
      objectReference: {fileID: 0}
    - target: {fileID: 4030056436020578, guid: 32f98d34a72d19443b15fac32eeefb66, type: 2}
      propertyPath: m_LocalScale.z
      value: 1.38783
      objectReference: {fileID: 0}
    m_RemovedComponents: []
  m_SourcePrefab: {fileID: 100100000, guid: 32f98d34a72d19443b15fac32eeefb66, type: 2}
  m_IsPrefabAsset: 0
--- !u!1001 &941950179
Prefab:
  m_ObjectHideFlags: 0
  serializedVersion: 2
  m_Modification:
    m_TransformParent: {fileID: 0}
    m_Modifications:
    - target: {fileID: 4285077932247142, guid: 23d59b9d1a5cfa14aa80264808dbdcc1, type: 2}
      propertyPath: m_LocalPosition.x
      value: -17.49
      objectReference: {fileID: 0}
    - target: {fileID: 4285077932247142, guid: 23d59b9d1a5cfa14aa80264808dbdcc1, type: 2}
      propertyPath: m_LocalPosition.y
      value: 0
      objectReference: {fileID: 0}
    - target: {fileID: 4285077932247142, guid: 23d59b9d1a5cfa14aa80264808dbdcc1, type: 2}
      propertyPath: m_LocalPosition.z
      value: 7.36
      objectReference: {fileID: 0}
    - target: {fileID: 4285077932247142, guid: 23d59b9d1a5cfa14aa80264808dbdcc1, type: 2}
      propertyPath: m_LocalRotation.x
      value: 0
      objectReference: {fileID: 0}
    - target: {fileID: 4285077932247142, guid: 23d59b9d1a5cfa14aa80264808dbdcc1, type: 2}
      propertyPath: m_LocalRotation.y
      value: 0.7071068
      objectReference: {fileID: 0}
    - target: {fileID: 4285077932247142, guid: 23d59b9d1a5cfa14aa80264808dbdcc1, type: 2}
      propertyPath: m_LocalRotation.z
      value: 0
      objectReference: {fileID: 0}
    - target: {fileID: 4285077932247142, guid: 23d59b9d1a5cfa14aa80264808dbdcc1, type: 2}
      propertyPath: m_LocalRotation.w
      value: 0.7071068
      objectReference: {fileID: 0}
    - target: {fileID: 4285077932247142, guid: 23d59b9d1a5cfa14aa80264808dbdcc1, type: 2}
      propertyPath: m_RootOrder
      value: 7
      objectReference: {fileID: 0}
    m_RemovedComponents: []
  m_SourcePrefab: {fileID: 100100000, guid: 23d59b9d1a5cfa14aa80264808dbdcc1, type: 2}
  m_IsPrefabAsset: 0
--- !u!4 &1001011251
Transform:
  m_ObjectHideFlags: 0
  m_CorrespondingSourceObject: {fileID: 4451018337750444, guid: bb7afce7b3d461a4e85184c26a12b2b2,
    type: 2}
  m_PrefabInternal: {fileID: 0}
  m_GameObject: {fileID: 499444366}
  m_LocalRotation: {x: 0, y: 0, z: 0, w: 1}
  m_LocalPosition: {x: 0, y: -0.27, z: 2.5331}
  m_LocalScale: {x: 1, y: 1, z: 0.8606608}
  m_Children:
  - {fileID: 89913942}
  - {fileID: 1868178469}
  - {fileID: 760854273}
  - {fileID: 1554258960}
  - {fileID: 1596860555}
  - {fileID: 1592883247}
  - {fileID: 1318846418}
  - {fileID: 1130678984}
  - {fileID: 1469442019}
  - {fileID: 1984157163}
  m_Father: {fileID: 0}
  m_RootOrder: 0
  m_LocalEulerAnglesHint: {x: 0, y: 0, z: 0}
--- !u!4 &1130678984 stripped
Transform:
  m_CorrespondingSourceObject: {fileID: 4030056436020578, guid: 32f98d34a72d19443b15fac32eeefb66,
    type: 2}
  m_PrefabInternal: {fileID: 544046792}
--- !u!1 &1209720778
GameObject:
  m_ObjectHideFlags: 0
  m_CorrespondingSourceObject: {fileID: 0}
  m_PrefabInternal: {fileID: 0}
  serializedVersion: 6
  m_Component:
  - component: {fileID: 1209720780}
  - component: {fileID: 1209720779}
  m_Layer: 0
  m_Name: Directional Light
  m_TagString: Untagged
  m_Icon: {fileID: 0}
  m_NavMeshLayer: 0
  m_StaticEditorFlags: 0
  m_IsActive: 1
--- !u!108 &1209720779
Light:
  m_ObjectHideFlags: 0
  m_CorrespondingSourceObject: {fileID: 0}
  m_PrefabInternal: {fileID: 0}
  m_GameObject: {fileID: 1209720778}
  m_Enabled: 1
  serializedVersion: 8
  m_Type: 1
  m_Color: {r: 1, g: 0.95686275, b: 0.8392157, a: 1}
  m_Intensity: 1
  m_Range: 10
  m_SpotAngle: 30
  m_CookieSize: 10
  m_Shadows:
    m_Type: 2
    m_Resolution: -1
    m_CustomResolution: -1
    m_Strength: 1
    m_Bias: 0.05
    m_NormalBias: 0.4
    m_NearPlane: 0.2
  m_Cookie: {fileID: 0}
  m_DrawHalo: 0
  m_Flare: {fileID: 0}
  m_RenderMode: 0
  m_CullingMask:
    serializedVersion: 2
    m_Bits: 4294967295
  m_Lightmapping: 4
  m_LightShadowCasterMode: 0
  m_AreaSize: {x: 1, y: 1}
  m_BounceIntensity: 1
  m_ColorTemperature: 6570
  m_UseColorTemperature: 0
  m_ShadowRadius: 0
  m_ShadowAngle: 0
--- !u!4 &1209720780
Transform:
  m_ObjectHideFlags: 0
  m_CorrespondingSourceObject: {fileID: 0}
  m_PrefabInternal: {fileID: 0}
  m_GameObject: {fileID: 1209720778}
  m_LocalRotation: {x: 0.40821788, y: -0.23456968, z: 0.10938163, w: 0.8754261}
  m_LocalPosition: {x: 0, y: 3, z: 0}
  m_LocalScale: {x: 1, y: 1, z: 1}
  m_Children: []
  m_Father: {fileID: 0}
  m_RootOrder: 1
  m_LocalEulerAnglesHint: {x: 50, y: -30, z: 0}
--- !u!1001 &1294378853
Prefab:
  m_ObjectHideFlags: 0
  serializedVersion: 2
  m_Modification:
    m_TransformParent: {fileID: 0}
    m_Modifications:
    - target: {fileID: 4988352652206266, guid: 79c7af40aa09ff34db9e273525123658, type: 2}
      propertyPath: m_LocalPosition.x
      value: 0
      objectReference: {fileID: 0}
    - target: {fileID: 4988352652206266, guid: 79c7af40aa09ff34db9e273525123658, type: 2}
      propertyPath: m_LocalPosition.y
      value: 2.83
      objectReference: {fileID: 0}
    - target: {fileID: 4988352652206266, guid: 79c7af40aa09ff34db9e273525123658, type: 2}
      propertyPath: m_LocalPosition.z
      value: -0.11
      objectReference: {fileID: 0}
    - target: {fileID: 4988352652206266, guid: 79c7af40aa09ff34db9e273525123658, type: 2}
      propertyPath: m_LocalRotation.x
      value: 0
      objectReference: {fileID: 0}
    - target: {fileID: 4988352652206266, guid: 79c7af40aa09ff34db9e273525123658, type: 2}
      propertyPath: m_LocalRotation.y
      value: 0
      objectReference: {fileID: 0}
    - target: {fileID: 4988352652206266, guid: 79c7af40aa09ff34db9e273525123658, type: 2}
      propertyPath: m_LocalRotation.z
      value: 0
      objectReference: {fileID: 0}
    - target: {fileID: 4988352652206266, guid: 79c7af40aa09ff34db9e273525123658, type: 2}
      propertyPath: m_LocalRotation.w
      value: 1
      objectReference: {fileID: 0}
    - target: {fileID: 4988352652206266, guid: 79c7af40aa09ff34db9e273525123658, type: 2}
      propertyPath: m_RootOrder
      value: 4
      objectReference: {fileID: 0}
    - target: {fileID: 1977655584386230, guid: 79c7af40aa09ff34db9e273525123658, type: 2}
      propertyPath: m_Name
      value: MainPlayer
      objectReference: {fileID: 0}
    - target: {fileID: 54923955339927762, guid: 79c7af40aa09ff34db9e273525123658,
        type: 2}
      propertyPath: m_Constraints
      value: 2
      objectReference: {fileID: 0}
    m_RemovedComponents: []
  m_SourcePrefab: {fileID: 100100000, guid: 79c7af40aa09ff34db9e273525123658, type: 2}
  m_IsPrefabAsset: 0
--- !u!135 &1294378854 stripped
SphereCollider:
  m_CorrespondingSourceObject: {fileID: 135244837657519670, guid: 79c7af40aa09ff34db9e273525123658,
    type: 2}
  m_PrefabInternal: {fileID: 1294378853}
--- !u!4 &1318846418 stripped
Transform:
  m_CorrespondingSourceObject: {fileID: 4030056436020578, guid: 32f98d34a72d19443b15fac32eeefb66,
    type: 2}
  m_PrefabInternal: {fileID: 607563632}
--- !u!4 &1469442019 stripped
Transform:
  m_CorrespondingSourceObject: {fileID: 4030056436020578, guid: 32f98d34a72d19443b15fac32eeefb66,
    type: 2}
  m_PrefabInternal: {fileID: 16473125}
--- !u!1 &1554258959
GameObject:
  m_ObjectHideFlags: 0
  m_CorrespondingSourceObject: {fileID: 1574786866479370, guid: bb7afce7b3d461a4e85184c26a12b2b2,
    type: 2}
  m_PrefabInternal: {fileID: 0}
  serializedVersion: 6
  m_Component:
  - component: {fileID: 1554258960}
  - component: {fileID: 1554258964}
  - component: {fileID: 1554258963}
  - component: {fileID: 1554258962}
  - component: {fileID: 1554258961}
  m_Layer: 0
  m_Name: Wall 4
  m_TagString: Floor
  m_Icon: {fileID: 0}
  m_NavMeshLayer: 0
  m_StaticEditorFlags: 0
  m_IsActive: 0
--- !u!4 &1554258960
Transform:
  m_ObjectHideFlags: 0
  m_CorrespondingSourceObject: {fileID: 4274221444280786, guid: bb7afce7b3d461a4e85184c26a12b2b2,
    type: 2}
  m_PrefabInternal: {fileID: 0}
  m_GameObject: {fileID: 1554258959}
  m_LocalRotation: {x: 0.48076975, y: -0, z: -0, w: 0.87684685}
  m_LocalPosition: {x: 0, y: 3.89, z: 10.73}
  m_LocalScale: {x: 2.3084, y: 2.8362231, z: 0.64307564}
  m_Children: []
  m_Father: {fileID: 1001011251}
  m_RootOrder: 3
  m_LocalEulerAnglesHint: {x: 57.471004, y: 0, z: 0}
--- !u!54 &1554258961
Rigidbody:
  m_ObjectHideFlags: 0
  m_CorrespondingSourceObject: {fileID: 54561630286135534, guid: bb7afce7b3d461a4e85184c26a12b2b2,
    type: 2}
  m_PrefabInternal: {fileID: 0}
  m_GameObject: {fileID: 1554258959}
  serializedVersion: 2
  m_Mass: 1
  m_Drag: 0.3
  m_AngularDrag: 2
  m_UseGravity: 0
  m_IsKinematic: 1
  m_Interpolate: 0
  m_Constraints: 0
  m_CollisionDetection: 0
--- !u!65 &1554258962
BoxCollider:
  m_ObjectHideFlags: 0
  m_CorrespondingSourceObject: {fileID: 65186397738735698, guid: bb7afce7b3d461a4e85184c26a12b2b2,
    type: 2}
  m_PrefabInternal: {fileID: 0}
  m_GameObject: {fileID: 1554258959}
  m_Material: {fileID: 0}
  m_IsTrigger: 0
  m_Enabled: 1
  serializedVersion: 2
  m_Size: {x: 1, y: 1, z: 1}
  m_Center: {x: 0, y: 0, z: 0}
--- !u!23 &1554258963
MeshRenderer:
  m_ObjectHideFlags: 0
  m_CorrespondingSourceObject: {fileID: 23354613000753932, guid: bb7afce7b3d461a4e85184c26a12b2b2,
    type: 2}
  m_PrefabInternal: {fileID: 0}
  m_GameObject: {fileID: 1554258959}
  m_Enabled: 1
  m_CastShadows: 1
  m_ReceiveShadows: 1
  m_DynamicOccludee: 1
  m_MotionVectors: 1
  m_LightProbeUsage: 1
  m_ReflectionProbeUsage: 1
  m_RenderingLayerMask: 4294967295
  m_Materials:
  - {fileID: 10303, guid: 0000000000000000f000000000000000, type: 0}
  m_StaticBatchInfo:
    firstSubMesh: 0
    subMeshCount: 0
  m_StaticBatchRoot: {fileID: 0}
  m_ProbeAnchor: {fileID: 0}
  m_LightProbeVolumeOverride: {fileID: 0}
  m_ScaleInLightmap: 1
  m_PreserveUVs: 0
  m_IgnoreNormalsForChartDetection: 0
  m_ImportantGI: 0
  m_StitchLightmapSeams: 0
  m_SelectedEditorRenderState: 3
  m_MinimumChartSize: 4
  m_AutoUVMaxDistance: 0.5
  m_AutoUVMaxAngle: 89
  m_LightmapParameters: {fileID: 0}
  m_SortingLayerID: 0
  m_SortingLayer: 0
  m_SortingOrder: 0
--- !u!33 &1554258964
MeshFilter:
  m_ObjectHideFlags: 0
  m_CorrespondingSourceObject: {fileID: 33686736424204292, guid: bb7afce7b3d461a4e85184c26a12b2b2,
    type: 2}
  m_PrefabInternal: {fileID: 0}
  m_GameObject: {fileID: 1554258959}
  m_Mesh: {fileID: 10202, guid: 0000000000000000e000000000000000, type: 0}
--- !u!1001 &1592883246
Prefab:
  m_ObjectHideFlags: 0
  serializedVersion: 2
  m_Modification:
    m_TransformParent: {fileID: 1001011251}
    m_Modifications:
    - target: {fileID: 4232734409324626, guid: a1614b8017b812242bded87d94e07f62, type: 2}
      propertyPath: m_LocalPosition.x
      value: -1.08
      objectReference: {fileID: 0}
    - target: {fileID: 4232734409324626, guid: a1614b8017b812242bded87d94e07f62, type: 2}
      propertyPath: m_LocalPosition.y
      value: -1.8
      objectReference: {fileID: 0}
    - target: {fileID: 4232734409324626, guid: a1614b8017b812242bded87d94e07f62, type: 2}
      propertyPath: m_LocalPosition.z
      value: 1.64
      objectReference: {fileID: 0}
    - target: {fileID: 4232734409324626, guid: a1614b8017b812242bded87d94e07f62, type: 2}
      propertyPath: m_LocalRotation.x
      value: 0
      objectReference: {fileID: 0}
    - target: {fileID: 4232734409324626, guid: a1614b8017b812242bded87d94e07f62, type: 2}
      propertyPath: m_LocalRotation.y
      value: 0.7071068
      objectReference: {fileID: 0}
    - target: {fileID: 4232734409324626, guid: a1614b8017b812242bded87d94e07f62, type: 2}
      propertyPath: m_LocalRotation.z
      value: 0
      objectReference: {fileID: 0}
    - target: {fileID: 4232734409324626, guid: a1614b8017b812242bded87d94e07f62, type: 2}
      propertyPath: m_LocalRotation.w
      value: 0.70710677
      objectReference: {fileID: 0}
    - target: {fileID: 4232734409324626, guid: a1614b8017b812242bded87d94e07f62, type: 2}
      propertyPath: m_RootOrder
      value: 5
      objectReference: {fileID: 0}
    - target: {fileID: 1233134404174690, guid: a1614b8017b812242bded87d94e07f62, type: 2}
      propertyPath: m_Name
      value: Pared Inmovil
      objectReference: {fileID: 0}
    m_RemovedComponents: []
  m_SourcePrefab: {fileID: 100100000, guid: a1614b8017b812242bded87d94e07f62, type: 2}
  m_IsPrefabAsset: 0
--- !u!4 &1592883247 stripped
Transform:
  m_CorrespondingSourceObject: {fileID: 4232734409324626, guid: a1614b8017b812242bded87d94e07f62,
    type: 2}
  m_PrefabInternal: {fileID: 1592883246}
--- !u!1 &1596860554
GameObject:
  m_ObjectHideFlags: 0
  m_CorrespondingSourceObject: {fileID: 1574786866479370, guid: bb7afce7b3d461a4e85184c26a12b2b2,
    type: 2}
  m_PrefabInternal: {fileID: 0}
  serializedVersion: 6
  m_Component:
  - component: {fileID: 1596860555}
  - component: {fileID: 1596860559}
  - component: {fileID: 1596860558}
  - component: {fileID: 1596860556}
  - component: {fileID: 1596860557}
  m_Layer: 0
  m_Name: Wall 5
  m_TagString: Floor
  m_Icon: {fileID: 0}
  m_NavMeshLayer: 0
  m_StaticEditorFlags: 0
  m_IsActive: 0
--- !u!4 &1596860555
Transform:
  m_ObjectHideFlags: 0
  m_CorrespondingSourceObject: {fileID: 4274221444280786, guid: bb7afce7b3d461a4e85184c26a12b2b2,
    type: 2}
  m_PrefabInternal: {fileID: 0}
  m_GameObject: {fileID: 1596860554}
  m_LocalRotation: {x: -0.16952133, y: 0.00023964746, z: 0.0013932092, w: 0.98552555}
  m_LocalPosition: {x: 0, y: 7.98, z: 4.38}
  m_LocalScale: {x: 2.3084, y: 0.59234, z: 6.704765}
  m_Children: []
  m_Father: {fileID: 1001011251}
  m_RootOrder: 4
  m_LocalEulerAnglesHint: {x: -19.52, y: 0, z: 0.162}
--- !u!54 &1596860556
Rigidbody:
  m_ObjectHideFlags: 0
  m_CorrespondingSourceObject: {fileID: 54561630286135534, guid: bb7afce7b3d461a4e85184c26a12b2b2,
    type: 2}
  m_PrefabInternal: {fileID: 0}
  m_GameObject: {fileID: 1596860554}
  serializedVersion: 2
  m_Mass: 1
  m_Drag: 0.3
  m_AngularDrag: 2
  m_UseGravity: 0
  m_IsKinematic: 1
  m_Interpolate: 0
  m_Constraints: 0
  m_CollisionDetection: 0
--- !u!65 &1596860557
BoxCollider:
  m_ObjectHideFlags: 0
  m_CorrespondingSourceObject: {fileID: 0}
  m_PrefabInternal: {fileID: 0}
  m_GameObject: {fileID: 1596860554}
  m_Material: {fileID: 0}
  m_IsTrigger: 0
  m_Enabled: 1
  serializedVersion: 2
  m_Size: {x: 0.99999994, y: 1.0000002, z: 1}
  m_Center: {x: 0, y: 0, z: 0}
--- !u!23 &1596860558
MeshRenderer:
  m_ObjectHideFlags: 0
  m_CorrespondingSourceObject: {fileID: 23354613000753932, guid: bb7afce7b3d461a4e85184c26a12b2b2,
    type: 2}
  m_PrefabInternal: {fileID: 0}
  m_GameObject: {fileID: 1596860554}
  m_Enabled: 1
  m_CastShadows: 1
  m_ReceiveShadows: 1
  m_DynamicOccludee: 1
  m_MotionVectors: 1
  m_LightProbeUsage: 1
  m_ReflectionProbeUsage: 1
  m_RenderingLayerMask: 4294967295
  m_Materials:
  - {fileID: 10303, guid: 0000000000000000f000000000000000, type: 0}
  m_StaticBatchInfo:
    firstSubMesh: 0
    subMeshCount: 0
  m_StaticBatchRoot: {fileID: 0}
  m_ProbeAnchor: {fileID: 0}
  m_LightProbeVolumeOverride: {fileID: 0}
  m_ScaleInLightmap: 1
  m_PreserveUVs: 0
  m_IgnoreNormalsForChartDetection: 0
  m_ImportantGI: 0
  m_StitchLightmapSeams: 0
  m_SelectedEditorRenderState: 3
  m_MinimumChartSize: 4
  m_AutoUVMaxDistance: 0.5
  m_AutoUVMaxAngle: 89
  m_LightmapParameters: {fileID: 0}
  m_SortingLayerID: 0
  m_SortingLayer: 0
  m_SortingOrder: 0
--- !u!33 &1596860559
MeshFilter:
  m_ObjectHideFlags: 0
  m_CorrespondingSourceObject: {fileID: 33686736424204292, guid: bb7afce7b3d461a4e85184c26a12b2b2,
    type: 2}
  m_PrefabInternal: {fileID: 0}
  m_GameObject: {fileID: 1596860554}
  m_Mesh: {fileID: 10202, guid: 0000000000000000e000000000000000, type: 0}
--- !u!1001 &1603726831
Prefab:
  m_ObjectHideFlags: 0
  serializedVersion: 2
  m_Modification:
    m_TransformParent: {fileID: 0}
    m_Modifications:
    - target: {fileID: 4822861665072146, guid: 06dc7d2e01f3b4444923b1b9fd8f5cc3, type: 2}
      propertyPath: m_LocalPosition.x
      value: 0
      objectReference: {fileID: 0}
    - target: {fileID: 4822861665072146, guid: 06dc7d2e01f3b4444923b1b9fd8f5cc3, type: 2}
      propertyPath: m_LocalPosition.y
      value: 0
      objectReference: {fileID: 0}
    - target: {fileID: 4822861665072146, guid: 06dc7d2e01f3b4444923b1b9fd8f5cc3, type: 2}
      propertyPath: m_LocalPosition.z
      value: 0
      objectReference: {fileID: 0}
    - target: {fileID: 4822861665072146, guid: 06dc7d2e01f3b4444923b1b9fd8f5cc3, type: 2}
      propertyPath: m_LocalRotation.x
      value: 0
      objectReference: {fileID: 0}
    - target: {fileID: 4822861665072146, guid: 06dc7d2e01f3b4444923b1b9fd8f5cc3, type: 2}
      propertyPath: m_LocalRotation.y
      value: 0
      objectReference: {fileID: 0}
    - target: {fileID: 4822861665072146, guid: 06dc7d2e01f3b4444923b1b9fd8f5cc3, type: 2}
      propertyPath: m_LocalRotation.z
      value: 0
      objectReference: {fileID: 0}
    - target: {fileID: 4822861665072146, guid: 06dc7d2e01f3b4444923b1b9fd8f5cc3, type: 2}
      propertyPath: m_LocalRotation.w
      value: 1
      objectReference: {fileID: 0}
    - target: {fileID: 4822861665072146, guid: 06dc7d2e01f3b4444923b1b9fd8f5cc3, type: 2}
      propertyPath: m_RootOrder
      value: 10
      objectReference: {fileID: 0}
    - target: {fileID: 4335386097118496, guid: 06dc7d2e01f3b4444923b1b9fd8f5cc3, type: 2}
      propertyPath: m_LocalPosition.x
      value: 10.850006
      objectReference: {fileID: 0}
    - target: {fileID: 4335386097118496, guid: 06dc7d2e01f3b4444923b1b9fd8f5cc3, type: 2}
      propertyPath: m_LocalPosition.y
      value: 8.230011
      objectReference: {fileID: 0}
    m_RemovedComponents: []
  m_SourcePrefab: {fileID: 100100000, guid: 06dc7d2e01f3b4444923b1b9fd8f5cc3, type: 2}
  m_IsPrefabAsset: 0
--- !u!1001 &1822313738
Prefab:
  m_ObjectHideFlags: 0
  serializedVersion: 2
  m_Modification:
    m_TransformParent: {fileID: 0}
    m_Modifications:
    - target: {fileID: 4408677314670766, guid: 69a2d9e4f5bc1f94daa14068b0ae1da5, type: 2}
      propertyPath: m_LocalPosition.x
      value: 2.5018024
      objectReference: {fileID: 0}
    - target: {fileID: 4408677314670766, guid: 69a2d9e4f5bc1f94daa14068b0ae1da5, type: 2}
      propertyPath: m_LocalPosition.y
      value: 4.477118
      objectReference: {fileID: 0}
    - target: {fileID: 4408677314670766, guid: 69a2d9e4f5bc1f94daa14068b0ae1da5, type: 2}
      propertyPath: m_LocalPosition.z
      value: 2.2852468
      objectReference: {fileID: 0}
    - target: {fileID: 4408677314670766, guid: 69a2d9e4f5bc1f94daa14068b0ae1da5, type: 2}
      propertyPath: m_LocalRotation.x
      value: 0
      objectReference: {fileID: 0}
    - target: {fileID: 4408677314670766, guid: 69a2d9e4f5bc1f94daa14068b0ae1da5, type: 2}
      propertyPath: m_LocalRotation.y
      value: 0
      objectReference: {fileID: 0}
    - target: {fileID: 4408677314670766, guid: 69a2d9e4f5bc1f94daa14068b0ae1da5, type: 2}
      propertyPath: m_LocalRotation.z
      value: 0
      objectReference: {fileID: 0}
    - target: {fileID: 4408677314670766, guid: 69a2d9e4f5bc1f94daa14068b0ae1da5, type: 2}
      propertyPath: m_LocalRotation.w
      value: 1
      objectReference: {fileID: 0}
    - target: {fileID: 4408677314670766, guid: 69a2d9e4f5bc1f94daa14068b0ae1da5, type: 2}
      propertyPath: m_RootOrder
      value: 2
      objectReference: {fileID: 0}
    m_RemovedComponents: []
  m_SourcePrefab: {fileID: 100100000, guid: 69a2d9e4f5bc1f94daa14068b0ae1da5, type: 2}
  m_IsPrefabAsset: 0
--- !u!1001 &1829495853
Prefab:
  m_ObjectHideFlags: 0
  serializedVersion: 2
  m_Modification:
    m_TransformParent: {fileID: 0}
    m_Modifications:
    - target: {fileID: 4029457955714308, guid: dd2a3dc8007758347aa6e56bcf24e1f8, type: 2}
      propertyPath: m_LocalPosition.x
      value: 0.12
      objectReference: {fileID: 0}
    - target: {fileID: 4029457955714308, guid: dd2a3dc8007758347aa6e56bcf24e1f8, type: 2}
      propertyPath: m_LocalPosition.y
      value: -0.27
      objectReference: {fileID: 0}
    - target: {fileID: 4029457955714308, guid: dd2a3dc8007758347aa6e56bcf24e1f8, type: 2}
      propertyPath: m_LocalPosition.z
      value: 15.83
      objectReference: {fileID: 0}
    - target: {fileID: 4029457955714308, guid: dd2a3dc8007758347aa6e56bcf24e1f8, type: 2}
      propertyPath: m_LocalRotation.x
      value: 0
      objectReference: {fileID: 0}
    - target: {fileID: 4029457955714308, guid: dd2a3dc8007758347aa6e56bcf24e1f8, type: 2}
      propertyPath: m_LocalRotation.y
      value: 1
      objectReference: {fileID: 0}
    - target: {fileID: 4029457955714308, guid: dd2a3dc8007758347aa6e56bcf24e1f8, type: 2}
      propertyPath: m_LocalRotation.z
      value: 0
      objectReference: {fileID: 0}
    - target: {fileID: 4029457955714308, guid: dd2a3dc8007758347aa6e56bcf24e1f8, type: 2}
      propertyPath: m_LocalRotation.w
      value: 0
      objectReference: {fileID: 0}
    - target: {fileID: 4029457955714308, guid: dd2a3dc8007758347aa6e56bcf24e1f8, type: 2}
      propertyPath: m_RootOrder
      value: 5
      objectReference: {fileID: 0}
    - target: {fileID: 137455995392545614, guid: dd2a3dc8007758347aa6e56bcf24e1f8,
        type: 2}
      propertyPath: m_AABB.m_Center.x
      value: 0
      objectReference: {fileID: 0}
    - target: {fileID: 137455995392545614, guid: dd2a3dc8007758347aa6e56bcf24e1f8,
        type: 2}
      propertyPath: m_AABB.m_Center.z
      value: 0.0000038146973
      objectReference: {fileID: 0}
    - target: {fileID: 137455995392545614, guid: dd2a3dc8007758347aa6e56bcf24e1f8,
        type: 2}
      propertyPath: m_AABB.m_Extent.x
      value: 6.148498
      objectReference: {fileID: 0}
    - target: {fileID: 137455995392545614, guid: dd2a3dc8007758347aa6e56bcf24e1f8,
        type: 2}
      propertyPath: m_AABB.m_Extent.y
      value: 6.055086
      objectReference: {fileID: 0}
    - target: {fileID: 137455995392545614, guid: dd2a3dc8007758347aa6e56bcf24e1f8,
        type: 2}
      propertyPath: m_AABB.m_Extent.z
      value: 6.2440357
      objectReference: {fileID: 0}
    - target: {fileID: 4029457955714308, guid: dd2a3dc8007758347aa6e56bcf24e1f8, type: 2}
      propertyPath: m_LocalEulerAnglesHint.y
      value: 180
      objectReference: {fileID: 0}
    - target: {fileID: 137455995392545614, guid: dd2a3dc8007758347aa6e56bcf24e1f8,
        type: 2}
      propertyPath: m_AABB.m_Center.y
      value: -0.000000074505806
      objectReference: {fileID: 0}
    - target: {fileID: 183351542324355608, guid: dd2a3dc8007758347aa6e56bcf24e1f8,
        type: 2}
      propertyPath: m_SphereColliders.Array.data[0].first
      value: 
      objectReference: {fileID: 1294378854}
    m_RemovedComponents: []
  m_SourcePrefab: {fileID: 100100000, guid: dd2a3dc8007758347aa6e56bcf24e1f8, type: 2}
  m_IsPrefabAsset: 0
--- !u!1 &1868178468
GameObject:
  m_ObjectHideFlags: 0
  m_CorrespondingSourceObject: {fileID: 1574786866479370, guid: bb7afce7b3d461a4e85184c26a12b2b2,
    type: 2}
  m_PrefabInternal: {fileID: 0}
  serializedVersion: 6
  m_Component:
  - component: {fileID: 1868178469}
  - component: {fileID: 1868178473}
  - component: {fileID: 1868178472}
  - component: {fileID: 1868178471}
  - component: {fileID: 1868178470}
  m_Layer: 0
  m_Name: Wall 2
  m_TagString: Floor
  m_Icon: {fileID: 0}
  m_NavMeshLayer: 0
  m_StaticEditorFlags: 0
  m_IsActive: 0
--- !u!4 &1868178469
Transform:
  m_ObjectHideFlags: 0
  m_CorrespondingSourceObject: {fileID: 4274221444280786, guid: bb7afce7b3d461a4e85184c26a12b2b2,
    type: 2}
  m_PrefabInternal: {fileID: 0}
  m_GameObject: {fileID: 1868178468}
  m_LocalRotation: {x: -0, y: -0, z: -0, w: 1}
  m_LocalPosition: {x: 0, y: 9.1, z: 4.33}
  m_LocalScale: {x: 2.3084, y: 0.5923438, z: 6.4392257}
  m_Children: []
  m_Father: {fileID: 1001011251}
  m_RootOrder: 1
  m_LocalEulerAnglesHint: {x: 0, y: 0, z: 0}
--- !u!54 &1868178470
Rigidbody:
  m_ObjectHideFlags: 0
  m_CorrespondingSourceObject: {fileID: 54561630286135534, guid: bb7afce7b3d461a4e85184c26a12b2b2,
    type: 2}
  m_PrefabInternal: {fileID: 0}
  m_GameObject: {fileID: 1868178468}
  serializedVersion: 2
  m_Mass: 1
  m_Drag: 0.3
  m_AngularDrag: 2
  m_UseGravity: 0
  m_IsKinematic: 1
  m_Interpolate: 0
  m_Constraints: 0
  m_CollisionDetection: 0
--- !u!65 &1868178471
BoxCollider:
  m_ObjectHideFlags: 0
  m_CorrespondingSourceObject: {fileID: 65186397738735698, guid: bb7afce7b3d461a4e85184c26a12b2b2,
    type: 2}
  m_PrefabInternal: {fileID: 0}
  m_GameObject: {fileID: 1868178468}
  m_Material: {fileID: 0}
  m_IsTrigger: 0
  m_Enabled: 1
  serializedVersion: 2
  m_Size: {x: 1, y: 1, z: 1}
  m_Center: {x: 0, y: 0, z: 0}
--- !u!23 &1868178472
MeshRenderer:
  m_ObjectHideFlags: 0
  m_CorrespondingSourceObject: {fileID: 23354613000753932, guid: bb7afce7b3d461a4e85184c26a12b2b2,
    type: 2}
  m_PrefabInternal: {fileID: 0}
  m_GameObject: {fileID: 1868178468}
  m_Enabled: 1
  m_CastShadows: 1
  m_ReceiveShadows: 1
  m_DynamicOccludee: 1
  m_MotionVectors: 1
  m_LightProbeUsage: 1
  m_ReflectionProbeUsage: 1
  m_RenderingLayerMask: 4294967295
  m_Materials:
  - {fileID: 10303, guid: 0000000000000000f000000000000000, type: 0}
  m_StaticBatchInfo:
    firstSubMesh: 0
    subMeshCount: 0
  m_StaticBatchRoot: {fileID: 0}
  m_ProbeAnchor: {fileID: 0}
  m_LightProbeVolumeOverride: {fileID: 0}
  m_ScaleInLightmap: 1
  m_PreserveUVs: 0
  m_IgnoreNormalsForChartDetection: 0
  m_ImportantGI: 0
  m_StitchLightmapSeams: 0
  m_SelectedEditorRenderState: 3
  m_MinimumChartSize: 4
  m_AutoUVMaxDistance: 0.5
  m_AutoUVMaxAngle: 89
  m_LightmapParameters: {fileID: 0}
  m_SortingLayerID: 0
  m_SortingLayer: 0
  m_SortingOrder: 0
--- !u!33 &1868178473
MeshFilter:
  m_ObjectHideFlags: 0
  m_CorrespondingSourceObject: {fileID: 33686736424204292, guid: bb7afce7b3d461a4e85184c26a12b2b2,
    type: 2}
  m_PrefabInternal: {fileID: 0}
  m_GameObject: {fileID: 1868178468}
  m_Mesh: {fileID: 10202, guid: 0000000000000000e000000000000000, type: 0}
--- !u!4 &1984157163 stripped
Transform:
  m_CorrespondingSourceObject: {fileID: 4030056436020578, guid: 32f98d34a72d19443b15fac32eeefb66,
    type: 2}
  m_PrefabInternal: {fileID: 876008661}
--- !u!1001 &2019731339
Prefab:
  m_ObjectHideFlags: 0
  serializedVersion: 2
  m_Modification:
    m_TransformParent: {fileID: 0}
    m_Modifications:
    - target: {fileID: 4802372004411318, guid: d1499eab40494f64aa02d235bc7a6dcd, type: 2}
      propertyPath: m_LocalPosition.x
      value: 0.07
      objectReference: {fileID: 0}
    - target: {fileID: 4802372004411318, guid: d1499eab40494f64aa02d235bc7a6dcd, type: 2}
      propertyPath: m_LocalPosition.y
      value: 4.38
      objectReference: {fileID: 0}
    - target: {fileID: 4802372004411318, guid: d1499eab40494f64aa02d235bc7a6dcd, type: 2}
      propertyPath: m_LocalPosition.z
      value: 11.54
      objectReference: {fileID: 0}
    - target: {fileID: 4802372004411318, guid: d1499eab40494f64aa02d235bc7a6dcd, type: 2}
      propertyPath: m_LocalRotation.x
      value: -0.30635166
      objectReference: {fileID: 0}
    - target: {fileID: 4802372004411318, guid: d1499eab40494f64aa02d235bc7a6dcd, type: 2}
      propertyPath: m_LocalRotation.y
      value: 0
      objectReference: {fileID: 0}
    - target: {fileID: 4802372004411318, guid: d1499eab40494f64aa02d235bc7a6dcd, type: 2}
      propertyPath: m_LocalRotation.z
      value: 0
      objectReference: {fileID: 0}
    - target: {fileID: 4802372004411318, guid: d1499eab40494f64aa02d235bc7a6dcd, type: 2}
      propertyPath: m_LocalRotation.w
      value: 0.9519185
      objectReference: {fileID: 0}
    - target: {fileID: 4802372004411318, guid: d1499eab40494f64aa02d235bc7a6dcd, type: 2}
      propertyPath: m_RootOrder
      value: 9
      objectReference: {fileID: 0}
    - target: {fileID: 1806788905715140, guid: d1499eab40494f64aa02d235bc7a6dcd, type: 2}
      propertyPath: m_Name
      value: Trampoline
      objectReference: {fileID: 0}
    - target: {fileID: 4802372004411318, guid: d1499eab40494f64aa02d235bc7a6dcd, type: 2}
      propertyPath: m_LocalEulerAnglesHint.x
      value: -35.679
      objectReference: {fileID: 0}
    m_RemovedComponents: []
  m_SourcePrefab: {fileID: 100100000, guid: d1499eab40494f64aa02d235bc7a6dcd, type: 2}
  m_IsPrefabAsset: 0
--- !u!1001 &2113828614
Prefab:
  m_ObjectHideFlags: 0
  serializedVersion: 2
  m_Modification:
    m_TransformParent: {fileID: 0}
    m_Modifications:
    - target: {fileID: 4179646447535426, guid: 4aa9c6a54f71c944584d842d70ae0aca, type: 2}
      propertyPath: m_LocalPosition.x
      value: 2.5018024
      objectReference: {fileID: 0}
    - target: {fileID: 4179646447535426, guid: 4aa9c6a54f71c944584d842d70ae0aca, type: 2}
      propertyPath: m_LocalPosition.y
      value: 4.477118
      objectReference: {fileID: 0}
    - target: {fileID: 4179646447535426, guid: 4aa9c6a54f71c944584d842d70ae0aca, type: 2}
      propertyPath: m_LocalPosition.z
      value: 2.2852468
      objectReference: {fileID: 0}
    - target: {fileID: 4179646447535426, guid: 4aa9c6a54f71c944584d842d70ae0aca, type: 2}
      propertyPath: m_LocalRotation.x
      value: -0
      objectReference: {fileID: 0}
    - target: {fileID: 4179646447535426, guid: 4aa9c6a54f71c944584d842d70ae0aca, type: 2}
      propertyPath: m_LocalRotation.y
      value: -0
      objectReference: {fileID: 0}
    - target: {fileID: 4179646447535426, guid: 4aa9c6a54f71c944584d842d70ae0aca, type: 2}
      propertyPath: m_LocalRotation.z
      value: -0
      objectReference: {fileID: 0}
    - target: {fileID: 4179646447535426, guid: 4aa9c6a54f71c944584d842d70ae0aca, type: 2}
      propertyPath: m_LocalRotation.w
      value: 1
      objectReference: {fileID: 0}
    - target: {fileID: 4179646447535426, guid: 4aa9c6a54f71c944584d842d70ae0aca, type: 2}
      propertyPath: m_RootOrder
      value: 8
      objectReference: {fileID: 0}
    m_RemovedComponents: []
  m_SourcePrefab: {fileID: 100100000, guid: 4aa9c6a54f71c944584d842d70ae0aca, type: 2}
  m_IsPrefabAsset: 0
