%YAML 1.1
%TAG !u! tag:unity3d.com,2011:
--- !u!29 &1
OcclusionCullingSettings:
  m_ObjectHideFlags: 0
  serializedVersion: 2
  m_OcclusionBakeSettings:
    smallestOccluder: 5
    smallestHole: 0.25
    backfaceThreshold: 100
  m_SceneGUID: 00000000000000000000000000000000
  m_OcclusionCullingData: {fileID: 0}
--- !u!104 &2
RenderSettings:
  m_ObjectHideFlags: 0
  serializedVersion: 9
  m_Fog: 0
  m_FogColor: {r: 0.5, g: 0.5, b: 0.5, a: 1}
  m_FogMode: 3
  m_FogDensity: 0.01
  m_LinearFogStart: 0
  m_LinearFogEnd: 300
  m_AmbientSkyColor: {r: 0.509434, g: 0.509434, b: 0.509434, a: 1}
  m_AmbientEquatorColor: {r: 0.114, g: 0.125, b: 0.133, a: 1}
  m_AmbientGroundColor: {r: 0.047, g: 0.043, b: 0.035, a: 1}
  m_AmbientIntensity: 1
  m_AmbientMode: 3
  m_SubtractiveShadowColor: {r: 0.42, g: 0.478, b: 0.627, a: 1}
  m_SkyboxMaterial: {fileID: 2100000, guid: 2bd8959f5fbd3644aa33af1a155fc147, type: 2}
  m_HaloStrength: 0.5
  m_FlareStrength: 1
  m_FlareFadeSpeed: 3
  m_HaloTexture: {fileID: 0}
  m_SpotCookie: {fileID: 10001, guid: 0000000000000000e000000000000000, type: 0}
  m_DefaultReflectionMode: 0
  m_DefaultReflectionResolution: 128
  m_ReflectionBounces: 1
  m_ReflectionIntensity: 1
  m_CustomReflection: {fileID: 0}
  m_Sun: {fileID: 0}
  m_IndirectSpecularColor: {r: 0.5021497, g: 0.9835785, b: 1.1449838, a: 1}
  m_UseRadianceAmbientProbe: 0
--- !u!157 &3
LightmapSettings:
  m_ObjectHideFlags: 0
  serializedVersion: 11
  m_GIWorkflowMode: 1
  m_GISettings:
    serializedVersion: 2
    m_BounceScale: 1
    m_IndirectOutputScale: 1
    m_AlbedoBoost: 1
    m_TemporalCoherenceThreshold: 1
    m_EnvironmentLightingMode: 1
    m_EnableBakedLightmaps: 1
    m_EnableRealtimeLightmaps: 0
  m_LightmapEditorSettings:
    serializedVersion: 10
    m_Resolution: 2
    m_BakeResolution: 40
    m_AtlasSize: 1024
    m_AO: 0
    m_AOMaxDistance: 1
    m_CompAOExponent: 1
    m_CompAOExponentDirect: 0
    m_Padding: 2
    m_LightmapParameters: {fileID: 0}
    m_LightmapsBakeMode: 1
    m_TextureCompression: 1
    m_FinalGather: 0
    m_FinalGatherFiltering: 1
    m_FinalGatherRayCount: 256
    m_ReflectionCompression: 2
    m_MixedBakeMode: 2
    m_BakeBackend: 1
    m_PVRSampling: 1
    m_PVRDirectSampleCount: 32
    m_PVRSampleCount: 500
    m_PVRBounces: 2
    m_PVRFilterTypeDirect: 0
    m_PVRFilterTypeIndirect: 0
    m_PVRFilterTypeAO: 0
    m_PVRFilteringMode: 1
    m_PVRCulling: 1
    m_PVRFilteringGaussRadiusDirect: 1
    m_PVRFilteringGaussRadiusIndirect: 5
    m_PVRFilteringGaussRadiusAO: 2
    m_PVRFilteringAtrousPositionSigmaDirect: 0.5
    m_PVRFilteringAtrousPositionSigmaIndirect: 2
    m_PVRFilteringAtrousPositionSigmaAO: 1
    m_ShowResolutionOverlay: 1
  m_LightingDataAsset: {fileID: 112000002, guid: 07ecdbd91cd02e343be003905f64b944,
    type: 2}
  m_UseShadowmask: 1
--- !u!196 &4
NavMeshSettings:
  serializedVersion: 2
  m_ObjectHideFlags: 0
  m_BuildSettings:
    serializedVersion: 2
    agentTypeID: 0
    agentRadius: 0.5
    agentHeight: 2
    agentSlope: 45
    agentClimb: 0.4
    ledgeDropHeight: 0
    maxJumpAcrossDistance: 0
    minRegionArea: 2
    manualCellSize: 0
    cellSize: 0.16666667
    manualTileSize: 0
    tileSize: 256
    accuratePlacement: 0
    debug:
      m_Flags: 0
  m_NavMeshData: {fileID: 0}
--- !u!135 &59358437 stripped
SphereCollider:
  m_CorrespondingSourceObject: {fileID: 135244837657519670, guid: 79c7af40aa09ff34db9e273525123658,
    type: 2}
  m_PrefabInternal: {fileID: 165597153}
--- !u!1001 &165211996
Prefab:
  m_ObjectHideFlags: 0
  serializedVersion: 2
  m_Modification:
    m_TransformParent: {fileID: 0}
    m_Modifications:
    - target: {fileID: 4285077932247142, guid: 23d59b9d1a5cfa14aa80264808dbdcc1, type: 2}
      propertyPath: m_LocalPosition.x
      value: -17.49
      objectReference: {fileID: 0}
    - target: {fileID: 4285077932247142, guid: 23d59b9d1a5cfa14aa80264808dbdcc1, type: 2}
      propertyPath: m_LocalPosition.y
      value: 0
      objectReference: {fileID: 0}
    - target: {fileID: 4285077932247142, guid: 23d59b9d1a5cfa14aa80264808dbdcc1, type: 2}
      propertyPath: m_LocalPosition.z
      value: 7.36
      objectReference: {fileID: 0}
    - target: {fileID: 4285077932247142, guid: 23d59b9d1a5cfa14aa80264808dbdcc1, type: 2}
      propertyPath: m_LocalRotation.x
      value: 0
      objectReference: {fileID: 0}
    - target: {fileID: 4285077932247142, guid: 23d59b9d1a5cfa14aa80264808dbdcc1, type: 2}
      propertyPath: m_LocalRotation.y
      value: 0.7071068
      objectReference: {fileID: 0}
    - target: {fileID: 4285077932247142, guid: 23d59b9d1a5cfa14aa80264808dbdcc1, type: 2}
      propertyPath: m_LocalRotation.z
      value: 0
      objectReference: {fileID: 0}
    - target: {fileID: 4285077932247142, guid: 23d59b9d1a5cfa14aa80264808dbdcc1, type: 2}
      propertyPath: m_LocalRotation.w
      value: 0.7071068
      objectReference: {fileID: 0}
    - target: {fileID: 4285077932247142, guid: 23d59b9d1a5cfa14aa80264808dbdcc1, type: 2}
      propertyPath: m_RootOrder
      value: 6
      objectReference: {fileID: 0}
    m_RemovedComponents: []
  m_SourcePrefab: {fileID: 100100000, guid: 23d59b9d1a5cfa14aa80264808dbdcc1, type: 2}
  m_IsPrefabAsset: 0
--- !u!1001 &165597153
Prefab:
  m_ObjectHideFlags: 0
  serializedVersion: 2
  m_Modification:
    m_TransformParent: {fileID: 0}
    m_Modifications:
    - target: {fileID: 4988352652206266, guid: 79c7af40aa09ff34db9e273525123658, type: 2}
      propertyPath: m_LocalRotation.x
      value: 0
      objectReference: {fileID: 0}
    - target: {fileID: 4988352652206266, guid: 79c7af40aa09ff34db9e273525123658, type: 2}
      propertyPath: m_LocalRotation.y
      value: 0
      objectReference: {fileID: 0}
    - target: {fileID: 4988352652206266, guid: 79c7af40aa09ff34db9e273525123658, type: 2}
      propertyPath: m_LocalRotation.z
      value: 0
      objectReference: {fileID: 0}
    - target: {fileID: 4988352652206266, guid: 79c7af40aa09ff34db9e273525123658, type: 2}
      propertyPath: m_LocalRotation.w
      value: 1
      objectReference: {fileID: 0}
    - target: {fileID: 4988352652206266, guid: 79c7af40aa09ff34db9e273525123658, type: 2}
      propertyPath: m_RootOrder
      value: 4
      objectReference: {fileID: 0}
    - target: {fileID: 1977655584386230, guid: 79c7af40aa09ff34db9e273525123658, type: 2}
      propertyPath: m_Name
      value: MainPlayer
      objectReference: {fileID: 0}
    - target: {fileID: 1977655584386230, guid: 79c7af40aa09ff34db9e273525123658, type: 2}
      propertyPath: m_IsActive
      value: 1
      objectReference: {fileID: 0}
    - target: {fileID: 54923955339927762, guid: 79c7af40aa09ff34db9e273525123658,
        type: 2}
      propertyPath: m_Constraints
      value: 0
      objectReference: {fileID: 0}
    - target: {fileID: 4988352652206266, guid: 79c7af40aa09ff34db9e273525123658, type: 2}
      propertyPath: m_LocalPosition.y
      value: 1.7
      objectReference: {fileID: 0}
    - target: {fileID: 120976523401297124, guid: 79c7af40aa09ff34db9e273525123658,
        type: 2}
      propertyPath: m_UseWorldSpace
      value: 1
      objectReference: {fileID: 0}
    - target: {fileID: 4988352652206266, guid: 79c7af40aa09ff34db9e273525123658, type: 2}
      propertyPath: m_LocalPosition.z
      value: 1.6399999
      objectReference: {fileID: 0}
    - target: {fileID: 120976523401297124, guid: 79c7af40aa09ff34db9e273525123658,
        type: 2}
      propertyPath: m_Enabled
      value: 0
      objectReference: {fileID: 0}
    m_RemovedComponents: []
  m_SourcePrefab: {fileID: 100100000, guid: 79c7af40aa09ff34db9e273525123658, type: 2}
  m_IsPrefabAsset: 0
--- !u!4 &345510011 stripped
Transform:
  m_CorrespondingSourceObject: {fileID: 4030056436020578, guid: 32f98d34a72d19443b15fac32eeefb66,
    type: 2}
  m_PrefabInternal: {fileID: 1590208971}
--- !u!1001 &573661601
Prefab:
  m_ObjectHideFlags: 0
  serializedVersion: 2
  m_Modification:
    m_TransformParent: {fileID: 0}
    m_Modifications:
    - target: {fileID: 4822861665072146, guid: 06dc7d2e01f3b4444923b1b9fd8f5cc3, type: 2}
      propertyPath: m_LocalPosition.x
      value: 0
      objectReference: {fileID: 0}
    - target: {fileID: 4822861665072146, guid: 06dc7d2e01f3b4444923b1b9fd8f5cc3, type: 2}
      propertyPath: m_LocalPosition.y
      value: 0
      objectReference: {fileID: 0}
    - target: {fileID: 4822861665072146, guid: 06dc7d2e01f3b4444923b1b9fd8f5cc3, type: 2}
      propertyPath: m_LocalPosition.z
      value: 0
      objectReference: {fileID: 0}
    - target: {fileID: 4822861665072146, guid: 06dc7d2e01f3b4444923b1b9fd8f5cc3, type: 2}
      propertyPath: m_LocalRotation.x
      value: 0
      objectReference: {fileID: 0}
    - target: {fileID: 4822861665072146, guid: 06dc7d2e01f3b4444923b1b9fd8f5cc3, type: 2}
      propertyPath: m_LocalRotation.y
      value: 0
      objectReference: {fileID: 0}
    - target: {fileID: 4822861665072146, guid: 06dc7d2e01f3b4444923b1b9fd8f5cc3, type: 2}
      propertyPath: m_LocalRotation.z
      value: 0
      objectReference: {fileID: 0}
    - target: {fileID: 4822861665072146, guid: 06dc7d2e01f3b4444923b1b9fd8f5cc3, type: 2}
      propertyPath: m_LocalRotation.w
      value: 1
      objectReference: {fileID: 0}
    - target: {fileID: 4822861665072146, guid: 06dc7d2e01f3b4444923b1b9fd8f5cc3, type: 2}
      propertyPath: m_RootOrder
      value: 8
      objectReference: {fileID: 0}
    m_RemovedComponents: []
  m_SourcePrefab: {fileID: 100100000, guid: 06dc7d2e01f3b4444923b1b9fd8f5cc3, type: 2}
  m_IsPrefabAsset: 0
--- !u!1 &651071839
GameObject:
  m_ObjectHideFlags: 0
  m_CorrespondingSourceObject: {fileID: 0}
  m_PrefabInternal: {fileID: 0}
  serializedVersion: 6
  m_Component:
  - component: {fileID: 651071840}
  - component: {fileID: 651071843}
  - component: {fileID: 651071842}
  - component: {fileID: 651071841}
  m_Layer: 5
  m_Name: HandTutorial
  m_TagString: Untagged
  m_Icon: {fileID: 0}
  m_NavMeshLayer: 0
  m_StaticEditorFlags: 0
  m_IsActive: 1
--- !u!224 &651071840
RectTransform:
  m_ObjectHideFlags: 0
  m_CorrespondingSourceObject: {fileID: 0}
  m_PrefabInternal: {fileID: 0}
  m_GameObject: {fileID: 651071839}
  m_LocalRotation: {x: -0, y: -0, z: -0, w: 1}
  m_LocalPosition: {x: 0, y: 0, z: 0}
  m_LocalScale: {x: 0.8, y: 0.8, z: 0.8}
  m_Children: []
  m_Father: {fileID: 770298918}
  m_RootOrder: 0
  m_LocalEulerAnglesHint: {x: 0, y: 0, z: 0}
  m_AnchorMin: {x: 0.5, y: 0.5}
  m_AnchorMax: {x: 0.5, y: 0.5}
  m_AnchoredPosition: {x: -80, y: 250}
  m_SizeDelta: {x: 192, y: 254}
  m_Pivot: {x: 0.5, y: 0.5}
--- !u!95 &651071841
Animator:
  serializedVersion: 3
  m_ObjectHideFlags: 0
  m_CorrespondingSourceObject: {fileID: 0}
  m_PrefabInternal: {fileID: 0}
  m_GameObject: {fileID: 651071839}
  m_Enabled: 1
  m_Avatar: {fileID: 0}
  m_Controller: {fileID: 9100000, guid: 7142c1c5770886e47a26100d47695912, type: 2}
  m_CullingMode: 0
  m_UpdateMode: 0
  m_ApplyRootMotion: 0
  m_LinearVelocityBlending: 0
  m_WarningMessage: 
  m_HasTransformHierarchy: 1
  m_AllowConstantClipSamplingOptimization: 1
  m_KeepAnimatorControllerStateOnDisable: 0
--- !u!114 &651071842
MonoBehaviour:
  m_ObjectHideFlags: 0
  m_CorrespondingSourceObject: {fileID: 0}
  m_PrefabInternal: {fileID: 0}
  m_GameObject: {fileID: 651071839}
  m_Enabled: 1
  m_EditorHideFlags: 0
  m_Script: {fileID: -98529514, guid: f70555f144d8491a825f0804e09c671c, type: 3}
  m_Name: 
  m_EditorClassIdentifier: 
  m_Material: {fileID: 0}
  m_Color: {r: 1, g: 1, b: 1, a: 1}
  m_RaycastTarget: 1
  m_OnCullStateChanged:
    m_PersistentCalls:
      m_Calls: []
    m_TypeName: UnityEngine.UI.MaskableGraphic+CullStateChangedEvent, UnityEngine.UI,
      Version=1.0.0.0, Culture=neutral, PublicKeyToken=null
  m_Texture: {fileID: 2800000, guid: c087b64af8a34e24a8178aa3f2517bc6, type: 3}
  m_UVRect:
    serializedVersion: 2
    x: 0
    y: 0
    width: 1
    height: 1
--- !u!222 &651071843
CanvasRenderer:
  m_ObjectHideFlags: 0
  m_CorrespondingSourceObject: {fileID: 0}
  m_PrefabInternal: {fileID: 0}
  m_GameObject: {fileID: 651071839}
  m_CullTransparentMesh: 0
--- !u!1 &770298914
GameObject:
  m_ObjectHideFlags: 0
  m_CorrespondingSourceObject: {fileID: 1474305203547370, guid: 6dfbf5845df6f7e46b11ee5f38b9b3c1,
    type: 2}
  m_PrefabInternal: {fileID: 0}
  serializedVersion: 6
  m_Component:
  - component: {fileID: 770298918}
  - component: {fileID: 770298917}
  - component: {fileID: 770298916}
  - component: {fileID: 770298915}
  m_Layer: 5
  m_Name: CanvasHand
  m_TagString: Untagged
  m_Icon: {fileID: 0}
  m_NavMeshLayer: 0
  m_StaticEditorFlags: 0
  m_IsActive: 1
--- !u!114 &770298915
MonoBehaviour:
  m_ObjectHideFlags: 0
  m_CorrespondingSourceObject: {fileID: 114068241568404536, guid: 6dfbf5845df6f7e46b11ee5f38b9b3c1,
    type: 2}
  m_PrefabInternal: {fileID: 0}
  m_GameObject: {fileID: 770298914}
  m_Enabled: 1
  m_EditorHideFlags: 0
  m_Script: {fileID: 1301386320, guid: f70555f144d8491a825f0804e09c671c, type: 3}
  m_Name: 
  m_EditorClassIdentifier: 
  m_IgnoreReversedGraphics: 1
  m_BlockingObjects: 0
  m_BlockingMask:
    serializedVersion: 2
    m_Bits: 4294967295
--- !u!114 &770298916
MonoBehaviour:
  m_ObjectHideFlags: 0
  m_CorrespondingSourceObject: {fileID: 114965725943451282, guid: 6dfbf5845df6f7e46b11ee5f38b9b3c1,
    type: 2}
  m_PrefabInternal: {fileID: 0}
  m_GameObject: {fileID: 770298914}
  m_Enabled: 1
  m_EditorHideFlags: 0
  m_Script: {fileID: 1980459831, guid: f70555f144d8491a825f0804e09c671c, type: 3}
  m_Name: 
  m_EditorClassIdentifier: 
  m_UiScaleMode: 1
  m_ReferencePixelsPerUnit: 100
  m_ScaleFactor: 1
  m_ReferenceResolution: {x: 1920, y: 1080}
  m_ScreenMatchMode: 1
  m_MatchWidthOrHeight: 0
  m_PhysicalUnit: 3
  m_FallbackScreenDPI: 96
  m_DefaultSpriteDPI: 96
  m_DynamicPixelsPerUnit: 1
--- !u!223 &770298917
Canvas:
  m_ObjectHideFlags: 0
  m_CorrespondingSourceObject: {fileID: 223044341236663600, guid: 6dfbf5845df6f7e46b11ee5f38b9b3c1,
    type: 2}
  m_PrefabInternal: {fileID: 0}
  m_GameObject: {fileID: 770298914}
  m_Enabled: 1
  serializedVersion: 3
  m_RenderMode: 0
  m_Camera: {fileID: 0}
  m_PlaneDistance: 100
  m_PixelPerfect: 0
  m_ReceivesEvents: 1
  m_OverrideSorting: 0
  m_OverridePixelPerfect: 0
  m_SortingBucketNormalizedSize: 0
  m_AdditionalShaderChannelsFlag: 0
  m_SortingLayerID: 0
  m_SortingOrder: 0
  m_TargetDisplay: 0
--- !u!224 &770298918
RectTransform:
  m_ObjectHideFlags: 0
  m_CorrespondingSourceObject: {fileID: 224468792879629238, guid: 6dfbf5845df6f7e46b11ee5f38b9b3c1,
    type: 2}
  m_PrefabInternal: {fileID: 0}
  m_GameObject: {fileID: 770298914}
  m_LocalRotation: {x: 0, y: 0, z: 0, w: 1}
  m_LocalPosition: {x: 0, y: 0, z: 0}
  m_LocalScale: {x: 0, y: 0, z: 0}
  m_Children:
  - {fileID: 651071840}
  m_Father: {fileID: 0}
  m_RootOrder: 9
  m_LocalEulerAnglesHint: {x: 0, y: 0, z: 0}
  m_AnchorMin: {x: 0, y: 0}
  m_AnchorMax: {x: 0, y: 0}
  m_AnchoredPosition: {x: 0, y: 0}
  m_SizeDelta: {x: 0, y: 0}
  m_Pivot: {x: 0, y: 0}
--- !u!1 &1132666878
GameObject:
  m_ObjectHideFlags: 0
  m_CorrespondingSourceObject: {fileID: 1591050867558534, guid: bb7afce7b3d461a4e85184c26a12b2b2,
    type: 2}
  m_PrefabInternal: {fileID: 0}
  serializedVersion: 6
  m_Component:
  - component: {fileID: 1132666879}
  m_Layer: 0
  m_Name: Platforms
  m_TagString: Untagged
  m_Icon: {fileID: 0}
  m_NavMeshLayer: 0
  m_StaticEditorFlags: 0
  m_IsActive: 1
--- !u!4 &1132666879
Transform:
  m_ObjectHideFlags: 0
  m_CorrespondingSourceObject: {fileID: 4451018337750444, guid: bb7afce7b3d461a4e85184c26a12b2b2,
    type: 2}
  m_PrefabInternal: {fileID: 0}
  m_GameObject: {fileID: 1132666878}
  m_LocalRotation: {x: 0, y: 0, z: 0, w: 1}
  m_LocalPosition: {x: 0, y: 0, z: 4.42}
  m_LocalScale: {x: 1, y: 1, z: 0.6068808}
  m_Children:
  - {fileID: 345510011}
  m_Father: {fileID: 0}
  m_RootOrder: 1
  m_LocalEulerAnglesHint: {x: 0, y: 0, z: 0}
--- !u!1 &1209720778
GameObject:
  m_ObjectHideFlags: 0
  m_CorrespondingSourceObject: {fileID: 0}
  m_PrefabInternal: {fileID: 0}
  serializedVersion: 6
  m_Component:
  - component: {fileID: 1209720780}
  - component: {fileID: 1209720779}
  m_Layer: 0
  m_Name: Directional Light
  m_TagString: Untagged
  m_Icon: {fileID: 0}
  m_NavMeshLayer: 0
  m_StaticEditorFlags: 0
  m_IsActive: 1
--- !u!108 &1209720779
Light:
  m_ObjectHideFlags: 0
  m_CorrespondingSourceObject: {fileID: 0}
  m_PrefabInternal: {fileID: 0}
  m_GameObject: {fileID: 1209720778}
  m_Enabled: 1
  serializedVersion: 8
  m_Type: 1
  m_Color: {r: 1, g: 0.95686275, b: 0.8392157, a: 1}
  m_Intensity: 1
  m_Range: 10
  m_SpotAngle: 30
  m_CookieSize: 10
  m_Shadows:
    m_Type: 2
    m_Resolution: -1
    m_CustomResolution: -1
    m_Strength: 1
    m_Bias: 0.05
    m_NormalBias: 0.4
    m_NearPlane: 0.2
  m_Cookie: {fileID: 0}
  m_DrawHalo: 0
  m_Flare: {fileID: 0}
  m_RenderMode: 0
  m_CullingMask:
    serializedVersion: 2
    m_Bits: 4294967295
  m_Lightmapping: 4
  m_LightShadowCasterMode: 0
  m_AreaSize: {x: 1, y: 1}
  m_BounceIntensity: 1
  m_ColorTemperature: 6570
  m_UseColorTemperature: 0
  m_ShadowRadius: 0
  m_ShadowAngle: 0
--- !u!4 &1209720780
Transform:
  m_ObjectHideFlags: 0
  m_CorrespondingSourceObject: {fileID: 0}
  m_PrefabInternal: {fileID: 0}
  m_GameObject: {fileID: 1209720778}
  m_LocalRotation: {x: 0.40821788, y: -0.23456968, z: 0.10938163, w: 0.8754261}
  m_LocalPosition: {x: 0, y: 3, z: 0}
  m_LocalScale: {x: 1, y: 1, z: 1}
  m_Children: []
  m_Father: {fileID: 0}
  m_RootOrder: 0
  m_LocalEulerAnglesHint: {x: 50, y: -30, z: 0}
--- !u!114 &1524880739 stripped
MonoBehaviour:
  m_CorrespondingSourceObject: {fileID: 114686483364434200, guid: 06dc7d2e01f3b4444923b1b9fd8f5cc3,
    type: 2}
  m_PrefabInternal: {fileID: 573661601}
  m_Script: {fileID: 11500000, guid: 9cd76b0fb35679a4aa8e907aa3bcaa53, type: 3}
--- !u!1001 &1590208971
Prefab:
  m_ObjectHideFlags: 0
  serializedVersion: 2
  m_Modification:
    m_TransformParent: {fileID: 1132666879}
    m_Modifications:
    - target: {fileID: 4030056436020578, guid: 32f98d34a72d19443b15fac32eeefb66, type: 2}
      propertyPath: m_LocalPosition.x
      value: -1.08
      objectReference: {fileID: 0}
    - target: {fileID: 4030056436020578, guid: 32f98d34a72d19443b15fac32eeefb66, type: 2}
      propertyPath: m_LocalPosition.y
      value: 0.23
      objectReference: {fileID: 0}
    - target: {fileID: 4030056436020578, guid: 32f98d34a72d19443b15fac32eeefb66, type: 2}
      propertyPath: m_LocalPosition.z
      value: -10.06
      objectReference: {fileID: 0}
    - target: {fileID: 4030056436020578, guid: 32f98d34a72d19443b15fac32eeefb66, type: 2}
      propertyPath: m_LocalRotation.x
      value: 0.5
      objectReference: {fileID: 0}
    - target: {fileID: 4030056436020578, guid: 32f98d34a72d19443b15fac32eeefb66, type: 2}
      propertyPath: m_LocalRotation.y
      value: 0.5
      objectReference: {fileID: 0}
    - target: {fileID: 4030056436020578, guid: 32f98d34a72d19443b15fac32eeefb66, type: 2}
      propertyPath: m_LocalRotation.z
      value: 0.5
      objectReference: {fileID: 0}
    - target: {fileID: 4030056436020578, guid: 32f98d34a72d19443b15fac32eeefb66, type: 2}
      propertyPath: m_LocalRotation.w
      value: 0.5
      objectReference: {fileID: 0}
    - target: {fileID: 4030056436020578, guid: 32f98d34a72d19443b15fac32eeefb66, type: 2}
      propertyPath: m_RootOrder
      value: 0
      objectReference: {fileID: 0}
    - target: {fileID: 1219066964125216, guid: 32f98d34a72d19443b15fac32eeefb66, type: 2}
      propertyPath: m_IsActive
      value: 0
      objectReference: {fileID: 0}
    m_RemovedComponents: []
  m_SourcePrefab: {fileID: 100100000, guid: 32f98d34a72d19443b15fac32eeefb66, type: 2}
  m_IsPrefabAsset: 0
--- !u!1 &1705826612
GameObject:
  m_ObjectHideFlags: 0
  m_CorrespondingSourceObject: {fileID: 0}
  m_PrefabInternal: {fileID: 0}
  serializedVersion: 6
  m_Component:
  - component: {fileID: 1705826615}
  - component: {fileID: 1705826614}
  - component: {fileID: 1705826613}
  m_Layer: 0
  m_Name: EventSystem
  m_TagString: Untagged
  m_Icon: {fileID: 0}
  m_NavMeshLayer: 0
  m_StaticEditorFlags: 0
  m_IsActive: 1
--- !u!114 &1705826613
MonoBehaviour:
  m_ObjectHideFlags: 0
  m_CorrespondingSourceObject: {fileID: 0}
  m_PrefabInternal: {fileID: 0}
  m_GameObject: {fileID: 1705826612}
  m_Enabled: 1
  m_EditorHideFlags: 0
  m_Script: {fileID: 1077351063, guid: f70555f144d8491a825f0804e09c671c, type: 3}
  m_Name: 
  m_EditorClassIdentifier: 
  m_HorizontalAxis: Horizontal
  m_VerticalAxis: Vertical
  m_SubmitButton: Submit
  m_CancelButton: Cancel
  m_InputActionsPerSecond: 10
  m_RepeatDelay: 0.5
  m_ForceModuleActive: 0
--- !u!114 &1705826614
MonoBehaviour:
  m_ObjectHideFlags: 0
  m_CorrespondingSourceObject: {fileID: 0}
  m_PrefabInternal: {fileID: 0}
  m_GameObject: {fileID: 1705826612}
  m_Enabled: 1
  m_EditorHideFlags: 0
  m_Script: {fileID: -619905303, guid: f70555f144d8491a825f0804e09c671c, type: 3}
  m_Name: 
  m_EditorClassIdentifier: 
  m_FirstSelected: {fileID: 0}
  m_sendNavigationEvents: 1
  m_DragThreshold: 10
--- !u!4 &1705826615
Transform:
  m_ObjectHideFlags: 0
  m_CorrespondingSourceObject: {fileID: 0}
  m_PrefabInternal: {fileID: 0}
  m_GameObject: {fileID: 1705826612}
  m_LocalRotation: {x: 0, y: 0, z: 0, w: 1}
  m_LocalPosition: {x: 0, y: 0, z: 0}
  m_LocalScale: {x: 1, y: 1, z: 1}
  m_Children: []
  m_Father: {fileID: 0}
  m_RootOrder: 5
  m_LocalEulerAnglesHint: {x: 0, y: 0, z: 0}
--- !u!1001 &1822313738
Prefab:
  m_ObjectHideFlags: 0
  serializedVersion: 2
  m_Modification:
    m_TransformParent: {fileID: 0}
    m_Modifications:
    - target: {fileID: 4408677314670766, guid: 69a2d9e4f5bc1f94daa14068b0ae1da5, type: 2}
      propertyPath: m_LocalPosition.x
      value: 2.5018024
      objectReference: {fileID: 0}
    - target: {fileID: 4408677314670766, guid: 69a2d9e4f5bc1f94daa14068b0ae1da5, type: 2}
      propertyPath: m_LocalPosition.y
      value: 4.477118
      objectReference: {fileID: 0}
    - target: {fileID: 4408677314670766, guid: 69a2d9e4f5bc1f94daa14068b0ae1da5, type: 2}
      propertyPath: m_LocalPosition.z
      value: 2.2852468
      objectReference: {fileID: 0}
    - target: {fileID: 4408677314670766, guid: 69a2d9e4f5bc1f94daa14068b0ae1da5, type: 2}
      propertyPath: m_LocalRotation.x
      value: 0
      objectReference: {fileID: 0}
    - target: {fileID: 4408677314670766, guid: 69a2d9e4f5bc1f94daa14068b0ae1da5, type: 2}
      propertyPath: m_LocalRotation.y
      value: 0
      objectReference: {fileID: 0}
    - target: {fileID: 4408677314670766, guid: 69a2d9e4f5bc1f94daa14068b0ae1da5, type: 2}
      propertyPath: m_LocalRotation.z
      value: 0
      objectReference: {fileID: 0}
    - target: {fileID: 4408677314670766, guid: 69a2d9e4f5bc1f94daa14068b0ae1da5, type: 2}
      propertyPath: m_LocalRotation.w
      value: 1
      objectReference: {fileID: 0}
    - target: {fileID: 4408677314670766, guid: 69a2d9e4f5bc1f94daa14068b0ae1da5, type: 2}
      propertyPath: m_RootOrder
      value: 2
      objectReference: {fileID: 0}
    - target: {fileID: 114088377611679908, guid: 69a2d9e4f5bc1f94daa14068b0ae1da5,
        type: 2}
      propertyPath: liveRewardFiller
      value: 
      objectReference: {fileID: 1524880739}
    - target: {fileID: 114088377611679908, guid: 69a2d9e4f5bc1f94daa14068b0ae1da5,
        type: 2}
      propertyPath: numberOfLevels
      value: 5
      objectReference: {fileID: 0}
    - target: {fileID: 114088377611679908, guid: 69a2d9e4f5bc1f94daa14068b0ae1da5,
        type: 2}
      propertyPath: nextScene
      value: Tutorial_Level2
      objectReference: {fileID: 0}
    - target: {fileID: 114088377611679908, guid: 69a2d9e4f5bc1f94daa14068b0ae1da5,
        type: 2}
      propertyPath: percentageCompletedCookie
      value: TutorialCompleted_Todo
      objectReference: {fileID: 0}
    - target: {fileID: 114088377611679908, guid: 69a2d9e4f5bc1f94daa14068b0ae1da5,
        type: 2}
      propertyPath: level
      value: 1
      objectReference: {fileID: 0}
    - target: {fileID: 114088377611679908, guid: 69a2d9e4f5bc1f94daa14068b0ae1da5,
        type: 2}
      propertyPath: packName
      value: Tutorial
      objectReference: {fileID: 0}
    - target: {fileID: 114088377611679908, guid: 69a2d9e4f5bc1f94daa14068b0ae1da5,
        type: 2}
      propertyPath: firstLevel
      value: 1
      objectReference: {fileID: 0}
    m_RemovedComponents: []
  m_SourcePrefab: {fileID: 100100000, guid: 69a2d9e4f5bc1f94daa14068b0ae1da5, type: 2}
  m_IsPrefabAsset: 0
--- !u!1001 &1872357650
Prefab:
  m_ObjectHideFlags: 0
  serializedVersion: 2
  m_Modification:
    m_TransformParent: {fileID: 0}
    m_Modifications:
    - target: {fileID: 4179646447535426, guid: 4aa9c6a54f71c944584d842d70ae0aca, type: 2}
      propertyPath: m_LocalPosition.x
      value: 2.5018024
      objectReference: {fileID: 0}
    - target: {fileID: 4179646447535426, guid: 4aa9c6a54f71c944584d842d70ae0aca, type: 2}
      propertyPath: m_LocalPosition.y
      value: 4.477118
      objectReference: {fileID: 0}
    - target: {fileID: 4179646447535426, guid: 4aa9c6a54f71c944584d842d70ae0aca, type: 2}
      propertyPath: m_LocalPosition.z
      value: 2.2852468
      objectReference: {fileID: 0}
    - target: {fileID: 4179646447535426, guid: 4aa9c6a54f71c944584d842d70ae0aca, type: 2}
      propertyPath: m_LocalRotation.x
      value: -0
      objectReference: {fileID: 0}
    - target: {fileID: 4179646447535426, guid: 4aa9c6a54f71c944584d842d70ae0aca, type: 2}
      propertyPath: m_LocalRotation.y
      value: -0
      objectReference: {fileID: 0}
    - target: {fileID: 4179646447535426, guid: 4aa9c6a54f71c944584d842d70ae0aca, type: 2}
      propertyPath: m_LocalRotation.z
      value: -0
      objectReference: {fileID: 0}
    - target: {fileID: 4179646447535426, guid: 4aa9c6a54f71c944584d842d70ae0aca, type: 2}
      propertyPath: m_LocalRotation.w
      value: 1
      objectReference: {fileID: 0}
    - target: {fileID: 4179646447535426, guid: 4aa9c6a54f71c944584d842d70ae0aca, type: 2}
      propertyPath: m_RootOrder
      value: 7
      objectReference: {fileID: 0}
    m_RemovedComponents: []
  m_SourcePrefab: {fileID: 100100000, guid: 4aa9c6a54f71c944584d842d70ae0aca, type: 2}
  m_IsPrefabAsset: 0
--- !u!1001 &2090680489
Prefab:
  m_ObjectHideFlags: 0
  serializedVersion: 2
  m_Modification:
    m_TransformParent: {fileID: 0}
    m_Modifications:
    - target: {fileID: 4029457955714308, guid: dd2a3dc8007758347aa6e56bcf24e1f8, type: 2}
      propertyPath: m_LocalPosition.x
      value: -0.13
      objectReference: {fileID: 0}
    - target: {fileID: 4029457955714308, guid: dd2a3dc8007758347aa6e56bcf24e1f8, type: 2}
      propertyPath: m_LocalPosition.y
      value: -0.46
      objectReference: {fileID: 0}
    - target: {fileID: 4029457955714308, guid: dd2a3dc8007758347aa6e56bcf24e1f8, type: 2}
      propertyPath: m_LocalPosition.z
      value: -1.71
      objectReference: {fileID: 0}
    - target: {fileID: 4029457955714308, guid: dd2a3dc8007758347aa6e56bcf24e1f8, type: 2}
      propertyPath: m_LocalRotation.x
      value: 0
      objectReference: {fileID: 0}
    - target: {fileID: 4029457955714308, guid: dd2a3dc8007758347aa6e56bcf24e1f8, type: 2}
      propertyPath: m_LocalRotation.y
      value: 0
      objectReference: {fileID: 0}
    - target: {fileID: 4029457955714308, guid: dd2a3dc8007758347aa6e56bcf24e1f8, type: 2}
      propertyPath: m_LocalRotation.z
      value: 0
      objectReference: {fileID: 0}
    - target: {fileID: 4029457955714308, guid: dd2a3dc8007758347aa6e56bcf24e1f8, type: 2}
      propertyPath: m_LocalRotation.w
      value: 1
      objectReference: {fileID: 0}
    - target: {fileID: 4029457955714308, guid: dd2a3dc8007758347aa6e56bcf24e1f8, type: 2}
      propertyPath: m_RootOrder
      value: 3
      objectReference: {fileID: 0}
    - target: {fileID: 183351542324355608, guid: dd2a3dc8007758347aa6e56bcf24e1f8,
        type: 2}
      propertyPath: m_SphereColliders.Array.data[0].first
      value: 
      objectReference: {fileID: 59358437}
    m_RemovedComponents: []
  m_SourcePrefab: {fileID: 100100000, guid: dd2a3dc8007758347aa6e56bcf24e1f8, type: 2}
  m_IsPrefabAsset: 0
